1793 3207
809 221 843 266 7

159 366 452 410 coniunctione.
512 364 692 410 Verbum
721 370 781 410 sic
807 369 995 410 iteratur.
1028 367 1231 423 Pytheae:
1266 365 1377 421 Qm’d
1401 377 1501 408 con—

158 453 226 488 tra
254 450 318 486 tot
342 459 410 487 res
437 450 600 503 tamque
628 449 831 490 evidentes
858 448 997 490 dicere
1016 453 1153 503 potes,
1171 448 1501 489 Demosthenes?

163 524 379 579 Cognitum
407 531 513 568 enim
542 527 623 578 ¹est,
661 528 953 583 rempublicam
980 529 1167 569 venalem
1196 527 1405 576 habuisse,
1427 541 1499 569 co-

156 606 313 658 gnitum
342 611 415 648 est.
456 607 561 647 Item
590 607 812 661 Hegesiae:
851 606 939 647 Sed
972 607 1197 660 instigabat
1232 605 1500 646 multitudinis

158 687 336 726 anianum
365 685 423 725 ad
448 685 598 725 bellum
612 686 873 737 inferendum
887 688 1115 727 concitatus
1128 684 1346 725 iracundia
1351 683 1498 735 furor.
1521 681 1549 724 5

156 764 309 814 Furor,
339 766 518 817 inquam,
546 777 631 805 non
658 768 780 814 ratio,
808 768 896 807 sine
924 779 1007 819 qua
1033 765 1137 806 nihil
1160 777 1342 818 unquam
1363 776 1501 817 popu-

158 844 220 883 lus
250 857 303 883 ex
330 842 531 882 sententia
558 847 695 896 gessit.
753 844 837 884 Sed
871 845 1047 897 plurium
1085 845 1309 886 verborum
1332 843 1502 884 iteratio

158 925 220 961 est
246 921 501 961 huiusmodi:
531 921 592 961 At
620 936 696 975 ego
725 924 769 961 in
797 923 858 962 his
886 926 1092 963 aerumnis
1120 926 1260 964 amicis
1288 938 1379 964 sum
1402 936 1501 977 spo-

160 1000 280 1039 liatus
309 1000 513 1047 omnibus,
553 1000 731 1048 auda-es,-
760 1003 832 1054 qui
855 1014 941 1040 non
969 1001 1080 1054 quod
1104 1015 1168 1041 me
1199 1002 1398 1050 odissent,
1426 1001 1503 1042 sed

158 1079 269 1131 quod
294 1081 549 1119 mimicorum
577 1080 811 1131 factionem
843 1080 1172 1133 pertimuissent,
1211 1092 1277 1119 me
1312 1082 1355 1119 in
1382 1080 1501 1120 malis
1525 1074 1579 1118 10

159 1158 441 1199 deseruerunt.

271 1237 359 1277 XII.
398 1237 692 1278 DIAPHORA.
758 1238 849 1278 Hoc
885 1238 1050 1278 schema
1087 1240 1169 1286 est,
1205 1250 1295 1277 cum
1331 1238 1501 1278 verbum

159 1318 352 1357 iteratum
379 1317 495 1358 aliam
523 1318 766 1357 sententiam
794 1317 1004 1370 significat,
1033 1329 1080 1356 ac
1109 1317 1347 1369 significavit
1366 1317 1500 1369 primo

160 1396 325 1435 dictum.
383 1397 429 1436 Id
473 1401 536 1436 est
577 1396 831 1436 huiusmodi:
887 1395 1014 1435 Hunc
1052 1400 1099 1435 tu
1133 1395 1281 1445 frater
1319 1395 1499 1435 eiusdem

160 1476 369 1527 sanguinis
393 1477 623 1528 par-tieem,
680 1477 722 1514 in
759 1474 837 1515 hac
863 1475 1045 1526 fortuna
1072 1473 1267 1514 deserere
1295 1475 1499 1527 potuisti?
1523 1468 1576 1513 15

160 1555 274 1592 cuius
302 1567 527 1593 aerumnae
555 1555 732 1606 quemm‘s
761 1555 882 1593 etiam
896 1555 1126 1593 extrarium
1145 1553 1358 1602 hominem,
1375 1552 1496 1592 modo

160 1631 372 1682 hominem,
402 1646 657 1673 commovere
680 1634 878 1684 possent?
914 1633 1038 1671 Item:
1074 1631 1328 1678 Universum,
1356 1633 1498 1671 mulie-

161 1723 260 1749 rem.
325 1710 434 1760 Quid
451 1713 593 1763 potius
622 1710 755 1750 dicam
783 1715 860 1750 aut
883 1712 1030 1758 verius,
1060 1723 1182 1763 quam
1208 1710 1448 1749 mulcerem?

271 1788 377 1828 XIII.
416 1789 702 1829 EPIPLOGE.
760 1789 805 1829 Iu
833 1789 919 1829 ‘hoc
957 1802 1007 1829 ex
1043 1790 1173 1842 prima
1201 1789 1404 1830 sententia
1433 1801 1497 1828 se-

162 1868 290 1908 cunda
319 1870 473 1918 oritur,
503 1883 552 1909 ex
581 1870 755 1909 secunda
778 1870 909 1917 tertia,
938 1872 1055 1922 atque
1084 1870 1140 1910 ita
1165 1869 1359 1922 deinceps
1389 1880 1500 1909 com·
1521 1862 1579 1905 20

163 1949 318 1999 plures.
357 1948 458 1987 Nam
489 1949 829 2001 quemadmodum
859 1952 1039 1989 catenam
1068 1950 1191 1988 multi
1217 1949 1328 1987 inter
1357 1961 1402 1987 se
1422 1948 1502 1987 cir-

162 2027 242 2066 culi
279 2028 481 2067 coniuncti
520 2028 717 2080 vinciunt,
776 2030 834 2068 sic
871 2029 992 2069 huius
1032 2028 1249 2068 schematis
1285 2028 1503 2068 utilitatem

162 2106 391 2156 complures
420 2109 644 2148 sententiae
672 2109 780 2147 inter
807 2121 852 2148 se
871 2120 1075 2147 connexae
1092 2107 1308 2146 continent.
1337 2106 1503 2158 Lysiae:

167 2182 338 2223 Constat
362 2187 502 2237 igitur,
532 2185 698 2234 iudices,
730 2186 938 2227 Simonem
966 2186 1086 2226 domo
1114 2199 1205 2233 sua,
1236 2185 1287 2225 ab
1314 2186 1398 2225 suis
1426 2184 1502 2224 diis

156 2262 385 2315 penatibus,
413 2265 464 2310 vi,
495 2278 587 2303 eum
615 2277 775 2305 summa
802 2267 952 2306 iniuria
976 2278 1065 2306 esse
1085 2264 1357 2306 exturbatum.
1387 2264 1501 2304 Nam
1522 2261 1578 2305 25

162 2430 207 2464 lo
246 2430 532 2474 pertimuissent)
555 2433 643 2464 nota
666 2430 961 2472 coniunctivum3
994 2443 1079 2465 num
1110 2442 1241 2466 causae
1269 2431 1375 2465 fictae
1407 2430 1499 2472 (non

251 2487 364 2529 quod)
390 2485 666 2527 coniunctivae,
700 2486 763 2519 sed
787 2497 918 2520 causae
942 2497 1050 2521 verae
1084 2487 1168 2530 (sed
1189 2487 1298 2531 quod,
1330 2484 1499 2529 plerique

252 2540 390 2583 dicunt,
413 2542 477 2575 sed
498 2542 599 2586 quia)
629 2541 852 2588 indicativus
882 2542 1041 2577 additur.
1088 2542 1199 2588 Quod
1231 2541 1264 2576 si
1293 2540 1500 2576 coniuncti-

251 2610 340 2633 vum
362 2598 425 2632 hie
447 2598 584 2643 posuit,
608 2598 699 2632 haec
723 2598 834 2633 etiam
852 2609 962 2633 causa
974 2598 1176 2633 amicorum
1190 2598 1276 2631 ficta
1292 2600 1361 2632 est.
1385 2597 1502 2642 Atqui

252 2667 347 2689 nunc
369 2665 440 2688 non
470 2654 655 2689 offendere
687 2654 848 2697 amicos,
879 2655 943 2688 sed
965 2654 1201 2688 inimicorum
1223 2653 1424 2688 factionem
1442 2654 1503 2687 in-

251 2711 396 2746 vidiose
428 2711 635 2746 describere
666 2710 792 2756 cupit3
838 2721 929 2756 ergo
965 2709 1208 2746 indicativum
1245 2709 1346 2747 haud
1392 2709 1501 2744 dubie

251 2780 441 2814 ponemus,
458 2768 723 2814 pertimescunt.

162 2824 206 2858 17
255 2826 491 2870 Universum)
516 2825 541 2859 i.
566 2837 597 2860 e.
619 2825 658 2860 in
682 2824 910 2860 universum.
957 2824 1004 2859 cf.
1028 2823 1211 2860 animadv.
1236 2835 1286 2858 cr.
