1793 3207
246 348 354 391 quae
379 335 470 372 iure
495 329 599 371 mihi
626 329 865 383 Polyaenus
892 331 1070 384 reliquit,
1092 337 1273 383 praetor
1301 332 1416 375 dedit
1433 343 1599 387 posses-

246 415 411 460 sionem,
440 407 500 450 ad
525 412 567 449 te
593 421 679 449 non
700 411 946 463 pertinent?
972 408 1111 462 Leges
1139 407 1397 461 defendunt5
1426 413 1473 454 1ιί
1494 412 1599 454 veri-

244 496 369 533 tatem
406 493 647 544 sequuntur.
706 488 811 531 Item
848 489 1058 531 eiusdem:
1098 486 1186 528 Sed
1216 501 1291 529 voe
1328 503 1505 544 aequum
1542 497 1606 533 est

242 571 499 612 voluntatem
542 568 757 622 dispicere.
832 568 949 609 Nam
1000 569 1171 609 consilio
1216 568 1370 619 valuit,
1417 570 1603 621 fortuna

196 649 223 694 5
247 652 390 705 lapsus
418 654 504 698 e3t3
549 648 671 690 homo
698 649 814 702 suit;
841 648 1038 701 fatetur3
1075 647 1383 689 concedendum
1419 652 1485 689 est
1517 661 1603 690 non

247 732 385 772 omnia
407 742 558 784 posse3
586 729 665 770 hoc
693 730 801 769 enim
830 728 1004 769 deorum
1033 732 1096 769 est
1118 729 1351 783 proprium.

357 810 426 851 IX.
455 807 828 850 SYNOECIOSIS.
867 808 958 849 Hoc
986 809 1153 849 schema
1181 808 1306 849 docet
1335 808 1515 849 diversas
1533 821 1603 850 res

246 890 515 941 coniungere,
546 893 591 927 et
620 888 827 928 communi
855 888 1038 941 opinioni
1066 901 1159 929 cum
1187 889 1347 929 ratione
1374 888 1602 937 adven-sarh

246 971 291 1008 et
318 967 442 1007 habet
469 979 659 1020 magnam
688 968 770 1007 vim
800 967 868 1007 vel
896 980 947 1007 ex
973 967 1095 1008 laude
1124 967 1286 1016 vitium,
1324 967 1390 1006 vel
1425 980 1476 1006 ex
1504 967 1603 1007 vitio

170 1045 411 1090 101audem
441 1046 712 1100 exprimendi.
771 1047 1015 1100 Hyperidis:
1045 1047 1160 1088 Nam
1189 1047 1361 1087 hominis
1389 1049 1515 1087 avari
1537 1052 1603 1087 at-

248 1139 328 1181 que
364 1127 476 1167 asoti
507 1139 636 1167 unum
672 1131 798 1180 atque
832 1126 941 1167 idem
976 1128 1115 1167 vitium
1151 1131 1225 1166 est.
1290 1125 1470 1180 Uterque
1496 1127 1604 1167 enim

248 1209 383 1247 nescit
406 1210 485 1254 uti,
523 1211 647 1260 atque
684 1209 848 1260 utrique
879 1209 1063 1260 pecunia
1099 1205 1301 1247 dedecori
1324 1211 1397 1246 est.
1462 1206 1605 1258 Quare

246 1285 394 1324 merito
424 1287 589 1338 utrique
609 1289 718 1338 pari
733 1299 877 1340 poena
906 1286 1174 1339 afficiuntur,
1203 1298 1305 1338 quos
1325 1286 1492 1338 pariter
1519 1298 1605 1325 non

245 1362 364 1403 decet
399 1363 566 1403 habere.
633 1364 735 1404 Item
775 1365 943 1416 Lysiae:
993 1365 1259 1416 Quapropter
1294 1362 1522 1416 prodigam
1559 1364 1604 1403 in

168 1443 224 1489 15
245 1443 395 1483 multos
441 1442 705 1496 largitionem
751 1442 1020 1484 abstinentiae
1064 1443 1338 1484 testemonium
1385 1456 1471 1483 non
1512 1456 1603 1483 cre-

246 1522 422 1569 dideris,-
477 1523 606 1563 multo
646 1524 753 1563 enim
793 1523 1067 1577 confidentius
1106 1523 1184 1563 hoc
1219 1535 1353 1576 genus
1395 1522 1605 1564 hominum

236 1601 431 1654 furatur.
488 1600 608 1642 Nam
644 1615 726 1657 quo
764 1604 899 1657 magis
938 1607 1036 1657 eget
1070 1602 1129 1643 ad
1154 1607 1332 1643 sumtum
1362 1601 1603 1653 ambitioni-⁹,

246 1680 449 1721 audacius
470 1681 587 1733 facit
612 1684 819 1736 rapinam,
849 1687 898 1722 ut
924 1682 1017 1722 huic
1045 1683 1127 1735 ipsi
1141 1682 1354 1723 ambitioni
1368 1684 1489 1736 copia
1505 1696 1603 1737 sup-

240 1759 435 1813 peditare
454 1763 602 1813 possit.
661 1761 766 1802 Item
798 1762 1113 1811 Demosthenes,
1144 1774 1236 1802 cum
1266 1761 1306 1801 ei
1336 1761 1500 1813 quidam
1530 1762 1604 1802 ob·

167 1840 224 1885 20
245 1838 425 1889 iecisset,
454 1845 587 1881 matre
601 1840 756 1894 Scytha
785 1844 933 1890 natum,
964 1840 1197 1894 respondit:
1227 1840 1330 1881 Non
1343 1843 1510 1882 miraris
1527 1843 1605 1895 igi·

246 1922 338 1966 tur,
372 1918 484 1971 quod
511 1918 665 1972 Scytha
693 1924 828 1960 matre
858 1925 898 1960 et
927 1920 1110 1960 barbara
1138 1923 1263 1959 natus
1291 1923 1378 1959 tam
1407 1919 1537 1959 bonus
1566 1923 1609 1960 et

249 1996 430 2037 clemens
449 2000 656 2038 evaserit?
684 1998 789 2038 item
819 1998 1025 2039 eiusdem:
1056 1997 1120 2038 At
1146 2011 1224 2051 ego
1254 1998 1363 2037 hunc
1375 2004 1606 2052 propterea

249 2075 406 2114 malum
443 2088 533 2114 esse
570 2077 779 2123 existimo,
837 2078 934 2129 quia
971 2077 1139 2116 nimium
1178 2088 1224 2115 se
1256 2078 1371 2129 gerit
1403 2090 1604 2117 severum.

249 2152 446 2208 Namque
484 2168 539 2194 ea·
575 2153 802 2195 hominibus
850 2154 1144 2196 humanitatem
1182 2170 1233 2195 ac
1279 2157 1605 2198 mzherebordzzzm

169 2232 226 2276 25
250 2234 398 2273 tollere
425 2235 650 2274 maa-imum
679 2236 842 2288 signum
867 2236 1050 2275 malitiae
1088 2234 1262 2276 videtur.
1320 2236 1417 2290 Ego
1457 2240 1606 2277 contra

270 2348 293 2381 l
340 2359 430 2391 quae
452 2347 529 2380 iure
550 2346 725 2390 reliquit)
750 2346 789 2380 in
813 2347 933 2391 ipsam
958 2347 1288 2392 interrogationem
1314 2347 1605 2392 responsionem,

336 2402 420 2436 iure
444 2402 518 2436 sibi
543 2401 688 2443 relicta,
713 2401 891 2445 innectit3
915 2402 1004 2437 hinc
1028 2402 1256 2438 indicativus
1280 2407 1339 2437 est
1361 2404 1504 2449 reliquit
1527 2408 1593 2438 etc.

272 2459 296 2493 2
340 2460 397 2503 hi)
423 2459 448 2493 i.
473 2472 505 2493 e.
531 2459 686 2492 iudices.

246 2514 292 2548 13
331 2516 473 2560 pariter
495 2528 567 2549 non
593 2516 692 2549 decet
713 2515 875 2560 habere.)
898 2516 1026 2551 habere
1049 2515 1286 2551 substantive
1306 2514 1476 2561 ponitur3
1501 2519 1606 2551 uter-

339 2584 410 2615 que
433 2577 470 2606 et
494 2584 630 2607 avarus
655 2576 693 2606 et
717 2576 846 2607 asotus
872 2584 943 2609 usu
966 2573 1145 2619 pecuniae
1168 2572 1344 2620 indignos
1362 2584 1417 2617 se,
1441 2572 1508 2619 qui
1532 2572 1606 2608 ali-

341 2627 430 2670 quid
452 2629 625 2670 habeant,
650 2633 871 2664 monstrant.

245 2680 292 2717 15
335 2693 408 2715 non
432 2686 640 2729 credideris)
665 2698 737 2720 non
760 2685 866 2729 dicit,
891 2685 979 2731 quia
1003 2686 1165 2733 optativi
1187 2686 1311 2722 vicem
1333 2685 1509 2727 sustinet,
1528 2695 1606 2722 cre-

339 2739 482 2773 diderie.

245 2794 291 2831 25
337 2796 420 2842 Ego
446 2797 605 2840 contra.)
631 2796 809 2842 Suspicor
833 2799 1052 2844 legendum:
1078 2800 1179 2845 Ergo
1204 2803 1350 2833 cunctos
1374 2798 1458 2832 deos
1481 2799 1550 2833 etc.
