1793 3207
817 197 881 246 21

94 330 103 333 Μ
174 346 275 388 deos
296 356 476 400 precor,
512 357 722 401 nunquam
757 345 995 388 hunt-smodi
1017 346 1145 392 civem
1172 343 1420 394 habeamus,
1460 344 1534 396 qui

173 424 234 467 ad
257 425 498 480 sumilicium
525 425 767 468 sumendum
794 427 837 468 in
858 438 998 467 omnes
1006 429 1156 480 partes
1174 427 1230 466 sit
1243 421 1526 466 inexorabilis.

284 506 338 547 X.
366 506 584 548 APORIA.
622 507 714 548 Hoc
742 506 908 548 schema
936 506 1128 557 efficitur,
1156 518 1249 547 cum
1280 505 1528 558 quaerimus,

171 584 272 641 quid
301 590 371 627 aut
397 586 739 639 quemadmodum
767 599 846 640 pro
881 586 945 626 rei
982 585 1178 639 dignitate
1206 584 1409 633 dicemus,
1446 596 1527 625 nec

170 666 360 719 reperire
397 677 471 706 nos
509 665 779 707 ostendimus.
837 657 1005 718 Lysiae:
1062 664 1159 705 Nec
1195 665 1280 704 iam
1318 664 1524 703 rationem
1546 663 1576 706 5

169 746 407 793 invenimus,
437 757 520 797 qua
536 745 663 795 flecti
684 749 725 785 te
746 758 873 799 posse
900 757 1126 799 speremus.
1184 743 1254 784 Ita
1289 755 1367 783 nos
1397 742 1526 782 omni-

169 824 245 865 bus
273 823 405 864 modis
434 827 611 864 tentatos
639 823 792 864 acerba
828 828 915 872 tua,
954 838 1006 865 ac
1042 825 1211 864 nimium
1240 826 1314 863 tua
1332 821 1527 875 facultas

170 903 336 955 affligit.
394 900 500 941 Item
532 900 755 954 Hegesiae:
791 902 893 942 Non
922 902 999 943 hoc
1028 907 1103 950 est,
1131 908 1181 943 ut
1204 902 1377 956 vulgari
1398 900 1524 941 verbo

170 979 423 1032 appellatur,
452 979 680 1018 calamitas.
730 978 839 1030 Quid
864 981 1025 1032 igitur?
1059 980 1181 1031 Quod
1202 982 1419 1035 propriam
1448 981 1525 1020 im·

162 1072 322 1113 ponam
365 1072 539 1108 nomen,
580 1060 745 1106 nescio,-
786 1060 870 1099 nisi
902 1058 1006 1099 illud
1040 1072 1192 1106 unum,
1238 1065 1397 1099 tantam
1435 1073 1525 1100 esse
1549 1057 1604 1102 10

169 1151 398 1179 aerumnae
425 1137 764 1193 magnitudinem,
792 1142 843 1179 ut
868 1151 1027 1179 omnem
1046 1138 1256 1191 fortunae
1283 1138 1525 1192 superbissi-

168 1230 281 1258 mam
308 1217 593 1259 crudelitatem
620 1219 779 1272 ingenii
801 1220 968 1259 miseria
995 1220 1218 1273 superarit.

282 1296 354 1337 xl.
383 1296 786 1339 PARASIOPESIS.
831 1298 923 1339 Hoc
952 1303 1029 1350 est,
1057 1312 1151 1339 cum
1179 1297 1332 1351 aliquid
1361 1309 1436 1337 nos
1454 1310 1524 1339 re-

168 1376 301 1417 ticere
337 1377 531 1426 dicimus,
570 1380 612 1417 et
648 1380 782 1418 temen
820 1377 987 1418 tacitum
1024 1378 1284 1431 intelligitur.
1351 1376 1406 1416 Et
1442 1377 1524 1416 hoc

169 1456 369 1498 utendum
396 1459 484 1506 est,
521 1468 612 1497 cum
648 1460 720 1498 eut
754 1461 892 1499 notam
927 1469 1016 1498 rem
1045 1470 1137 1499 esse
1166 1445 1427 1497 auditoribus
1455 1469 1522 1496 ar·
1544 1454 1600 1499 15

168 1535 388 1586 bitramur,
436 1539 507 1576 aut
543 1537 819 1589 suspicionem
862 1538 1039 1578 excitare
1077 1537 1271 1577 maiorem
1307 1535 1522 1576 reticendo

167 1627 399 1669 possumus.
457 1615 654 1670 Lycurgiz
686 1616 735 1657 In
758 1618 1020 1670 praesentia,
1056 1616 1233 1664 iudices,
1261 1616 1418 1656 iniussu
1439 1628 1523 1669 po-

162 1697 261 1749 puli
282 1708 389 1750 quae
415 1695 710 1750 improbissime
736 1697 933 1750 gesserit,
962 1695 1165 1737 reticebo:
1203 1695 1256 1735 de
1276 1695 1407 1748 salsis
1435 1696 1523 1735 eius

169 1776 320 1824 literis,
358 1788 461 1828 quas
488 1775 548 1816 ad
571 1779 761 1816 senatum
788 1776 965 1824 miserit,
1000 1775 1105 1815 nihil
1129 1775 1289 1822 dicam,·
1329 1788 1435 1828 quae
1463 1774 1528 1814 illi

166 1868 293 1910 saepe
329 1856 587 1895 interminati
616 1856 725 1903 sites,
773 1856 969 1895 omittam.
1034 1854 1151 1895 Nam
1189 1859 1234 1894 et
1267 1854 1371 1894 haec
1408 1853 1521 1894 vohis
1542 1852 1601 1895 20

166 1938 270 1976 nota
296 1938 405 1983 sunt,
433 1938 478 1974 et
502 1946 609 1987 quae
636 1934 851 1974 nom'ssime
877 1934 1006 1974 multo
1035 1933 1274 1986 indigniora
1310 1934 1522 1981 commisit,

167 2028 292 2069 quam
318 2016 502 2068 primum
538 2004 841 2066 cognoscenda.
907 2013 1155 2066 Hyperidis:
1200 2012 1322 2066 Cogis
1359 2026 1426 2053 me
1460 2014 1524 2052 in-

167 2094 301 2133 iuriae
338 2096 438 2133 tuae
476 2105 647 2133 causam
683 2092 900 2146 proferre.
957 2091 1079 2132 Nihil
1110 2093 1201 2146 agis
1208 2106 1224 2140 ,·
1260 2105 1346 2132 non
1374 2091 1521 2132 dicam.

168 2170 255 2212 Sed
280 2174 415 2225 ipsum
443 2177 602 2226 tempus
631 2186 725 2213 eam
746 2173 991 2227 patefaciet.

278 2250 368 2292 ΧΠ.
398 2250 766 2292 ΡΔΒΟΜΟΕΟΝ.
826 2251 916 2292 Hoc
943 2251 1111 2292 schema
1140 2255 1184 2292 et
1212 2251 1522 2293 homoeoteleu-
1543 2246 1601 2291 25

166 2334 238 2371 ton
266 2333 310 2370 et
336 2330 664 2382 homoeoptoton
702 2330 796 2370 fere
833 2342 915 2370 non
943 2331 1115 2371 multum
1143 2332 1252 2371 inter
1280 2343 1327 2370 se
1356 2330 1521 2371 distent.

188 2442 213 2477 ‘1
257 2441 434 2486 tentatos)
458 2440 483 2475 i.
507 2451 539 2474 e.
574 2439 712 2485 petitos
736 2439 852 2475 ermis
875 2443 914 2474 et
937 2440 1026 2475 telis
1050 2441 1286 2485 eloquentiae
1309 2451 1377 2474 seu
1392 2440 1522 2483 facul-

256 2498 344 2531 tatis
367 2501 464 2538 tuae‚
488 2499 531 2531 ut
553 2496 608 2531 ait
631 2495 775 2538 Ruti1.‚
808 2497 855 2531 cf.
886 2496 918 2539 Ι,
941 2496 976 2531 3.
999 2497 1142 2531 nimium
1173 2501 1240 2531 tua
1263 2495 1429 2540 facultas
1462 2499 1522 2531 eet

256 2564 302 2588 ex
323 2552 453 2598 aporia
477 2552 640 2596 dictum;
664 2551 796 2593 nescit,
821 2553 1004 2598 quomodo
1029 2564 1110 2588 eam
1134 2552 1310 2597 appellet,
1334 2552 1523 2599 nutfingit

257 2621 298 2644 se
310 2609 474 2651 nescii-03
499 2609 627 2655 itaque
640 2609 744 2651 dicit,
755 2610 899 2643 nimium
910 2614 988 2650 tua,
1012 2608 1037 2643 i.
1050 2621 1082 2643 c.
1095 2608 1167 2643 tibi
1179 2608 1332 2653 propria
1344 2609 1521 2645 facultas.

187 2667 212 2704 8
256 2667 338 2702 Non
360 2666 426 2700 Ιιοσ
449 2665 789 2710 est—calamitas.)
813 2669 999 2708 neutrum,
1021 2666 1100 2707 hoc,
1123 2665 1243 2711 ponit,
1267 2668 1311 2702 ut
1329 2665 1368 2701 in
1379 2666 1520 2713 aporia,

259 2724 346 2770 quin
370 2734 413 2758 eu
435 2734 496 2757 res
520 2726 578 2757 est
600 2724 710 2768 plane
732 2721 867 2757 incerti
890 2721 1051 2757 nominis
1076 2725 1115 2756 et
1137 2721 1302 2768 generis.

166 2780 212 2816 12
256 2781 394 2827 ingenii
414 2779 575 2824 miseria)
598 2777 773 2825 intellige
796 2778 990 2826 ingenium
1011 2777 1141 2827 aliquo
1156 2779 1268 2817 modo
1284 2782 1434 2825 repente
1450 2778 1521 2817 hc-

256 2838 425 2873 betatum
448 2841 487 2872 et
509 2834 681 2872 delirum.
