<?xml version="1.0" encoding="UTF-8"?>
<!DOCTYPE html PUBLIC "-//W3C//DTD XHTML 1.0 Transitional//EN"
    "http://www.w3.org/TR/xhtml1/DTD/xhtml1-transitional.dtd">
<html xmlns="http://www.w3.org/1999/xhtml" xml:lang="en" lang="en">
 <head>
  <title>
</title>
<meta http-equiv="Content-Type" content="text/html;charset=utf-8" />
  <meta name='ocr-system' content='tesseract 3.04.00' />
  <meta name='ocr-capabilities' content='ocr_page ocr_carea ocr_par ocr_line ocrx_word'/>
</head>
<body>
  <div class='ocr_page' id='page_1' title='image "4622881_0018.png"; bbox 0 0 1793 3207; ppageno 0'>
   <div class='ocr_carea' id='block_1_1' title="bbox 857 201 905 232">
    <p class='ocr_par' dir='ltr' id='par_1_1' title="bbox 857 201 905 232">
     <span class='ocr_line' id='line_1_1' title="bbox 857 201 905 232; baseline 0 0"><span class='ocrx_word' id='word_1_1' title='bbox 857 201 905 232; x_wconf 79' lang='lat' dir='ltr'><strong>XI</strong></span> 
     </span>
    </p>
   </div>
   <div class='ocr_carea' id='block_1_2' title="bbox 748 253 1013 261">
    <p class='ocr_par' dir='ltr' id='par_1_2' title="bbox 748 253 1013 261">
     <span class='ocr_line' id='line_1_2' title="bbox 748 253 1013 261; baseline 0 2946"><span class='ocrx_word' id='word_1_2' title='bbox 748 253 1013 261; x_wconf 95' lang='lat' dir='ltr'><strong> </strong></span> 
     </span>
    </p>
   </div>
   <div class='ocr_carea' id='block_1_3' title="bbox 211 355 1585 2568">
    <p class='ocr_par' dir='ltr' id='par_1_3' title="bbox 211 355 1567 1217">
     <span class='ocr_line' id='line_1_3' title="bbox 211 355 1559 420; baseline -0.006 -12"><span class='ocrx_word' id='word_1_3' title='bbox 211 359 481 420; x_wconf 80' lang='lat' dir='ltr'><strong>subscriptis</strong></span> <span class='ocrx_word' id='word_1_4' title='bbox 524 359 714 406; x_wconf 84' lang='lat' dir='ltr'><strong>Graecis</strong></span> <span class='ocrx_word' id='word_1_5' title='bbox 760 357 1088 404; x_wconf 88' lang='lat' dir='ltr'><strong>deminuantur.</strong></span> <span class='ocrx_word' id='word_1_6' title='bbox 1169 356 1286 403; x_wconf 89' lang='lat' dir='ltr'><strong>Nam</strong></span> <span class='ocrx_word' id='word_1_7' title='bbox 1329 355 1559 405; x_wconf 86' lang='lat' dir='ltr'><strong>secundae</strong></span> 
     </span>
     <span class='ocr_line' id='line_1_4' title="bbox 213 437 1556 501; baseline -0.001 -16"><span class='ocrx_word' id='word_1_8' title='bbox 213 440 401 501; x_wconf 87' lang='lat' dir='ltr'><strong>quidem</strong></span> <span class='ocrx_word' id='word_1_9' title='bbox 432 446 568 501; x_wconf 88' lang='lat' dir='ltr'><strong>atque</strong></span> <span class='ocrx_word' id='word_1_10' title='bbox 596 440 773 501; x_wconf 84' lang='lat' dir='ltr'>primae</span> <span class='ocrx_word' id='word_1_11' title='bbox 801 438 935 484; x_wconf 83' lang='lat' dir='ltr'><strong>classi</strong></span> <span class='ocrx_word' id='word_1_12' title='bbox 961 439 1007 484; x_wconf 92' lang='lat' dir='ltr'><strong>in</strong></span> <span class='ocrx_word' id='word_1_13' title='bbox 1031 437 1213 498; x_wconf 85' lang='lat' dir='ltr'><strong>scriptis</strong></span> <span class='ocrx_word' id='word_1_14' title='bbox 1236 437 1423 496; x_wconf 90' lang='lat' dir='ltr'><strong>Latinis,</strong></span> <span class='ocrx_word' id='word_1_15' title='bbox 1458 438 1556 499; x_wconf 86' lang='lat' dir='ltr'><strong>pri—</strong></span> 
     </span>
     <span class='ocr_line' id='line_1_5' title="bbox 212 517 1558 581; baseline -0.001 -15"><span class='ocrx_word' id='word_1_16' title='bbox 212 536 315 566; x_wconf 86' lang='lat' dir='ltr'><strong>mae</strong></span> <span class='ocrx_word' id='word_1_17' title='bbox 338 521 384 566; x_wconf 90' lang='lat' dir='ltr'><strong>in</strong></span> <span class='ocrx_word' id='word_1_18' title='bbox 407 521 588 581; x_wconf 86' lang='lat' dir='ltr'><strong>scriptis</strong></span> <span class='ocrx_word' id='word_1_19' title='bbox 612 520 818 577; x_wconf 88' lang='lat' dir='ltr'><strong>Graecis,</strong></span> <span class='ocrx_word' id='word_1_20' title='bbox 854 519 892 564; x_wconf 91' lang='lat' dir='ltr'><strong>si</strong></span> <span class='ocrx_word' id='word_1_21' title='bbox 916 518 1056 563; x_wconf 90' lang='lat' dir='ltr'><strong>modo</strong></span> <span class='ocrx_word' id='word_1_22' title='bbox 1081 534 1136 563; x_wconf 92' lang='lat' dir='ltr'><strong>ea</strong></span> <span class='ocrx_word' id='word_1_23' title='bbox 1161 517 1406 577; x_wconf 88' lang='lat' dir='ltr'><strong>eliguntur,</strong></span> <span class='ocrx_word' id='word_1_24' title='bbox 1439 534 1558 578; x_wconf 87' lang='lat' dir='ltr'><strong>quo-</strong></span> 
     </span>
     <span class='ocr_line' id='line_1_6' title="bbox 213 597 1559 661; baseline -0.001 -16"><span class='ocrx_word' id='word_1_25' title='bbox 213 616 315 646; x_wconf 87' lang='lat' dir='ltr'><strong>rum</strong></span> <span class='ocrx_word' id='word_1_26' title='bbox 348 601 645 647; x_wconf 86' lang='lat' dir='ltr'><strong>difficultates</strong></span> <span class='ocrx_word' id='word_1_27' title='bbox 679 599 885 661; x_wconf 87' lang='lat' dir='ltr'><strong>superari</strong></span> <span class='ocrx_word' id='word_1_28' title='bbox 929 598 1169 659; x_wconf 82' lang='lat' dir='ltr'><strong>diligentia</strong></span> <span class='ocrx_word' id='word_1_29' title='bbox 1211 597 1408 657; x_wconf 85' lang='lat' dir='ltr'><strong>possint,</strong></span> <span class='ocrx_word' id='word_1_30' title='bbox 1454 600 1559 643; x_wconf 91' lang='lat' dir='ltr'><strong>nul-</strong></span> 
     </span>
     <span class='ocr_line' id='line_1_7' title="bbox 214 678 1561 741; baseline -0.001 -15"><span class='ocrx_word' id='word_1_31' title='bbox 214 682 321 739; x_wconf 90' lang='lat' dir='ltr'><strong>lam,</strong></span> <span class='ocrx_word' id='word_1_32' title='bbox 354 682 400 726; x_wconf 91' lang='lat' dir='ltr'><strong>in</strong></span> <span class='ocrx_word' id='word_1_33' title='bbox 432 681 487 726; x_wconf 91' lang='lat' dir='ltr'><strong>iis</strong></span> <span class='ocrx_word' id='word_1_34' title='bbox 522 680 709 740; x_wconf 89' lang='lat' dir='ltr'><strong>quidem</strong></span> <span class='ocrx_word' id='word_1_35' title='bbox 738 696 857 741; x_wconf 85' lang='lat' dir='ltr'><strong>quae</strong></span> <span class='ocrx_word' id='word_1_36' title='bbox 885 678 1264 741; x_wconf 85' lang='lat' dir='ltr'><strong>praeceptoribus</strong></span> <span class='ocrx_word' id='word_1_37' title='bbox 1290 678 1561 739; x_wconf 89' lang='lat' dir='ltr'><strong>corrigenda</strong></span> 
     </span>
     <span class='ocr_line' id='line_1_8' title="bbox 215 736 1563 819; baseline -0.002 -15"><span class='ocrx_word' id='word_1_38' title='bbox 215 736 471 816; x_wconf 54' lang='lat' dir='ltr'><strong>tradusstur,</strong></span> <span class='ocrx_word' id='word_1_39' title='bbox 504 776 642 819; x_wconf 86' lang='lat' dir='ltr'><strong>opem</strong></span> <span class='ocrx_word' id='word_1_40' title='bbox 678 761 913 805; x_wconf 84' lang='lat' dir='ltr'><strong>ferendam</strong></span> <span class='ocrx_word' id='word_1_41' title='bbox 946 775 1120 805; x_wconf 89' lang='lat' dir='ltr'><strong>censeo.</strong></span> <span class='ocrx_word' id='word_1_42' title='bbox 1200 759 1281 804; x_wconf 87' lang='lat' dir='ltr'><strong>Sin</strong></span> <span class='ocrx_word' id='word_1_43' title='bbox 1316 758 1475 816; x_wconf 88' lang='lat' dir='ltr'><strong>fertur,</strong></span> <span class='ocrx_word' id='word_1_44' title='bbox 1511 765 1563 802; x_wconf 89' lang='lat' dir='ltr'><strong>ut</strong></span> 
     </span>
     <span class='ocr_line' id='line_1_9' title="bbox 216 837 1563 900; baseline -0.001 -15"><span class='ocrx_word' id='word_1_45' title='bbox 216 855 335 890; x_wconf 87' lang='lat' dir='ltr'><strong>nunc</strong></span> <span class='ocrx_word' id='word_1_46' title='bbox 367 840 640 898; x_wconf 90' lang='lat' dir='ltr'><strong>plerumque</strong></span> <span class='ocrx_word' id='word_1_47' title='bbox 673 840 774 883; x_wconf 88' lang='lat' dir='ltr'><strong>fieri</strong></span> <span class='ocrx_word' id='word_1_48' title='bbox 806 840 965 897; x_wconf 88' lang='lat' dir='ltr'><strong>video,</strong></span> <span class='ocrx_word' id='word_1_49' title='bbox 1000 855 1166 900; x_wconf 82' lang='lat' dir='ltr'><strong>magna</strong></span> <span class='ocrx_word' id='word_1_50' title='bbox 1198 838 1411 898; x_wconf 79' lang='lat' dir='ltr'><strong>profecto</strong></span> <span class='ocrx_word' id='word_1_51' title='bbox 1447 837 1563 883; x_wconf 85' lang='lat' dir='ltr'><strong>ado—</strong></span> 
     </span>
     <span class='ocr_line' id='line_1_10' title="bbox 218 917 1564 979; baseline -0.001 -15"><span class='ocrx_word' id='word_1_52' title='bbox 218 919 479 964; x_wconf 82' lang='lat' dir='ltr'><strong>lescentulis</strong></span> <span class='ocrx_word' id='word_1_53' title='bbox 512 917 704 976; x_wconf 87' lang='lat' dir='ltr'><strong>eripitur</strong></span> <span class='ocrx_word' id='word_1_54' title='bbox 737 917 901 962; x_wconf 87' lang='lat' dir='ltr'><strong>virium</strong></span> <span class='ocrx_word' id='word_1_55' title='bbox 931 918 1306 976; x_wconf 81' lang='lat' dir='ltr'><strong>experiendarum</strong></span> <span class='ocrx_word' id='word_1_56' title='bbox 1335 924 1564 979; x_wconf 87' lang='lat' dir='ltr'><strong>opportu—</strong></span> 
     </span>
     <span class='ocr_line' id='line_1_11' title="bbox 219 998 1563 1057; baseline -0.001 -13"><span class='ocrx_word' id='word_1_57' title='bbox 219 999 360 1056; x_wconf 82' lang='lat' dir='ltr'><strong>nitas,</strong></span> <span class='ocrx_word' id='word_1_58' title='bbox 407 1005 695 1057; x_wconf 86' lang='lat' dir='ltr'><strong>expertarum</strong></span> <span class='ocrx_word' id='word_1_59' title='bbox 741 1013 908 1057; x_wconf 83' lang='lat' dir='ltr'><strong>magna</strong></span> <span class='ocrx_word' id='word_1_60' title='bbox 942 998 1018 1040; x_wconf 84' lang='lat' dir='ltr'><strong>vel</strong></span> <span class='ocrx_word' id='word_1_61' title='bbox 1053 998 1324 1041; x_wconf 87' lang='lat' dir='ltr'><strong>conscientia</strong></span> <span class='ocrx_word' id='word_1_62' title='bbox 1356 1000 1432 1042; x_wconf 84' lang='lat' dir='ltr'><strong>vel</strong></span> <span class='ocrx_word' id='word_1_63' title='bbox 1461 1015 1563 1043; x_wconf 90' lang='lat' dir='ltr'><strong>mo-</strong></span> 
     </span>
     <span class='ocr_line' id='line_1_12' title="bbox 221 1075 1567 1138; baseline 0 -16"><span class='ocrx_word' id='word_1_64' title='bbox 221 1078 381 1135; x_wconf 88' lang='lat' dir='ltr'><strong>destia,</strong></span> <span class='ocrx_word' id='word_1_65' title='bbox 416 1092 582 1138; x_wconf 85' lang='lat' dir='ltr'><strong>magna</strong></span> <span class='ocrx_word' id='word_1_66' title='bbox 615 1076 872 1122; x_wconf 84' lang='lat' dir='ltr'><strong>studiorum</strong></span> <span class='ocrx_word' id='word_1_67' title='bbox 899 1075 1123 1133; x_wconf 81' lang='lat' dir='ltr'><strong>alacritas,</strong></span> <span class='ocrx_word' id='word_1_68' title='bbox 1159 1075 1334 1122; x_wconf 81' lang='lat' dir='ltr'><strong>fructus</strong></span> <span class='ocrx_word' id='word_1_69' title='bbox 1369 1077 1567 1137; x_wconf 88' lang='lat' dir='ltr'><strong>denique</strong></span> 
     </span>
     <span class='ocr_line' id='line_1_13' title="bbox 220 1158 666 1217; baseline -0.002 -15"><span class='ocrx_word' id='word_1_70' title='bbox 220 1158 431 1202; x_wconf 90' lang='lat' dir='ltr'><strong>laborum</strong></span> <span class='ocrx_word' id='word_1_71' title='bbox 463 1172 666 1217; x_wconf 77' lang='lat' dir='ltr'><strong>magnus.</strong></span> 
     </span>
    </p>

    <p class='ocr_par' dir='ltr' id='par_1_4' title="bbox 224 1235 1585 2568">
     <span class='ocr_line' id='line_1_14' title="bbox 323 1235 1566 1298; baseline 0.002 -16"><span class='ocrx_word' id='word_1_72' title='bbox 323 1237 422 1283; x_wconf 88' lang='lat' dir='ltr'><strong>Iam</strong></span> <span class='ocrx_word' id='word_1_73' title='bbox 455 1244 754 1298; x_wconf 87' lang='lat' dir='ltr'><strong>posteaquam</strong></span> <span class='ocrx_word' id='word_1_74' title='bbox 788 1236 848 1282; x_wconf 92' lang='lat' dir='ltr'><strong>de</strong></span> <span class='ocrx_word' id='word_1_75' title='bbox 881 1236 1075 1282; x_wconf 88' lang='lat' dir='ltr'><strong>concilio</strong></span> <span class='ocrx_word' id='word_1_76' title='bbox 1110 1237 1246 1283; x_wconf 92' lang='lat' dir='ltr'><strong>huius</strong></span> <span class='ocrx_word' id='word_1_77' title='bbox 1281 1235 1429 1283; x_wconf 87' lang='lat' dir='ltr'><strong>libelli</strong></span> <span class='ocrx_word' id='word_1_78' title='bbox 1458 1238 1566 1284; x_wconf 88' lang='lat' dir='ltr'><strong>satis</strong></span> 
     </span>
     <span class='ocr_line' id='line_1_15' title="bbox 224 1317 1567 1376; baseline -0.001 -14"><span class='ocrx_word' id='word_1_79' title='bbox 224 1318 509 1376; x_wconf 86' lang='lat' dir='ltr'><strong>disputatum</strong></span> <span class='ocrx_word' id='word_1_80' title='bbox 545 1325 625 1374; x_wconf 89' lang='lat' dir='ltr'><strong>est,</strong></span> <span class='ocrx_word' id='word_1_81' title='bbox 661 1324 814 1372; x_wconf 86' lang='lat' dir='ltr'><strong>restat,</strong></span> <span class='ocrx_word' id='word_1_82' title='bbox 853 1323 904 1360; x_wconf 90' lang='lat' dir='ltr'><strong>ut</strong></span> <span class='ocrx_word' id='word_1_83' title='bbox 939 1317 999 1359; x_wconf 93' lang='lat' dir='ltr'><strong>de</strong></span> <span class='ocrx_word' id='word_1_84' title='bbox 1032 1332 1134 1360; x_wconf 91' lang='lat' dir='ltr'><strong>mea</strong></span> <span class='ocrx_word' id='word_1_85' title='bbox 1168 1332 1352 1375; x_wconf 90' lang='lat' dir='ltr'><strong>quoque</strong></span> <span class='ocrx_word' id='word_1_86' title='bbox 1386 1318 1432 1360; x_wconf 90' lang='lat' dir='ltr'><strong>in</strong></span> <span class='ocrx_word' id='word_1_87' title='bbox 1464 1318 1567 1361; x_wconf 83' lang='lat' dir='ltr'><strong>Ru-</strong></span> 
     </span>
     <span class='ocr_line' id='line_1_16' title="bbox 225 1395 1568 1457; baseline 0 -15"><span class='ocrx_word' id='word_1_88' title='bbox 225 1397 325 1442; x_wconf 90' lang='lat' dir='ltr'><strong>tilio</strong></span> <span class='ocrx_word' id='word_1_89' title='bbox 382 1397 607 1443; x_wconf 87' lang='lat' dir='ltr'><strong>collocata</strong></span> <span class='ocrx_word' id='word_1_90' title='bbox 665 1411 806 1457; x_wconf 86' lang='lat' dir='ltr'><strong>opera</strong></span> <span class='ocrx_word' id='word_1_91' title='bbox 862 1410 1010 1455; x_wconf 89' lang='lat' dir='ltr'><strong>pauca</strong></span> <span class='ocrx_word' id='word_1_92' title='bbox 1066 1395 1261 1442; x_wconf 89' lang='lat' dir='ltr'><strong>dicenda</strong></span> <span class='ocrx_word' id='word_1_93' title='bbox 1314 1396 1568 1442; x_wconf 76' lang='lat' dir='ltr'><strong>videantur.</strong></span> 
     </span>
     <span class='ocr_line' id='line_1_17' title="bbox 226 1476 1570 1534; baseline -0.001 -14"><span class='ocrx_word' id='word_1_94' title='bbox 226 1479 514 1534; x_wconf 80' lang='lat' dir='ltr'><strong>Quamquam</strong></span> <span class='ocrx_word' id='word_1_95' title='bbox 553 1477 671 1520; x_wconf 87' lang='lat' dir='ltr'><strong>haec</strong></span> <span class='ocrx_word' id='word_1_96' title='bbox 714 1476 925 1534; x_wconf 86' lang='lat' dir='ltr'><strong>quidem,</strong></span> <span class='ocrx_word' id='word_1_97' title='bbox 971 1482 1022 1518; x_wconf 92' lang='lat' dir='ltr'><strong>ut</strong></span> <span class='ocrx_word' id='word_1_98' title='bbox 1056 1490 1142 1533; x_wconf 88' lang='lat' dir='ltr'><strong>par</strong></span> <span class='ocrx_word' id='word_1_99' title='bbox 1176 1482 1295 1531; x_wconf 89' lang='lat' dir='ltr'><strong>erat,</strong></span> <span class='ocrx_word' id='word_1_100' title='bbox 1343 1477 1480 1534; x_wconf 89' lang='lat' dir='ltr'><strong>plane</strong></span> <span class='ocrx_word' id='word_1_101' title='bbox 1516 1491 1570 1520; x_wconf 82' lang='lat' dir='ltr'><strong>ex</strong></span> 
     </span>
     <span class='ocr_line' id='line_1_18' title="bbox 226 1554 1571 1616; baseline -0.001 -15"><span class='ocrx_word' id='word_1_102' title='bbox 226 1556 308 1601; x_wconf 91' lang='lat' dir='ltr'><strong>illo</strong></span> <span class='ocrx_word' id='word_1_103' title='bbox 340 1555 583 1616; x_wconf 87' lang='lat' dir='ltr'><strong>pendebat.</strong></span> <span class='ocrx_word' id='word_1_104' title='bbox 653 1555 768 1601; x_wconf 85' lang='lat' dir='ltr'><strong>Erat</strong></span> <span class='ocrx_word' id='word_1_105' title='bbox 802 1554 920 1599; x_wconf 90' lang='lat' dir='ltr'><strong>enim</strong></span> <span class='ocrx_word' id='word_1_106' title='bbox 946 1555 1210 1613; x_wconf 89' lang='lat' dir='ltr'><strong>curandum,</strong></span> <span class='ocrx_word' id='word_1_107' title='bbox 1245 1562 1310 1612; x_wconf 90' lang='lat' dir='ltr'><strong>ut,</strong></span> <span class='ocrx_word' id='word_1_108' title='bbox 1345 1556 1425 1614; x_wconf 89' lang='lat' dir='ltr'><strong>qui</strong></span> <span class='ocrx_word' id='word_1_109' title='bbox 1452 1556 1571 1600; x_wconf 91' lang='lat' dir='ltr'><strong>liber</strong></span> 
     </span>
     <span class='ocr_line' id='line_1_19' title="bbox 228 1634 1571 1696; baseline 0 -16"><span class='ocrx_word' id='word_1_110' title='bbox 228 1636 323 1681; x_wconf 86' lang='lat' dir='ltr'><strong>sine</strong></span> <span class='ocrx_word' id='word_1_111' title='bbox 348 1635 554 1696; x_wconf 87' lang='lat' dir='ltr'><strong>magistri</strong></span> <span class='ocrx_word' id='word_1_112' title='bbox 579 1649 668 1694; x_wconf 91' lang='lat' dir='ltr'><strong>ope</strong></span> <span class='ocrx_word' id='word_1_113' title='bbox 695 1635 752 1678; x_wconf 92' lang='lat' dir='ltr'><strong>ab</strong></span> <span class='ocrx_word' id='word_1_114' title='bbox 778 1634 1130 1680; x_wconf 88' lang='lat' dir='ltr'><strong>adolescentulis</strong></span> <span class='ocrx_word' id='word_1_115' title='bbox 1153 1634 1417 1680; x_wconf 87' lang='lat' dir='ltr'><strong>tractandus</strong></span> <span class='ocrx_word' id='word_1_116' title='bbox 1440 1641 1571 1693; x_wconf 90' lang='lat' dir='ltr'><strong>esset,</strong></span> 
     </span>
     <span class='ocr_line' id='line_1_20' title="bbox 229 1714 1573 1774; baseline -0.001 -15"><span class='ocrx_word' id='word_1_117' title='bbox 229 1716 294 1759; x_wconf 89' lang='lat' dir='ltr'><strong>ita</strong></span> <span class='ocrx_word' id='word_1_118' title='bbox 328 1716 657 1774; x_wconf 83' lang='lat' dir='ltr'><strong>explanaretur,</strong></span> <span class='ocrx_word' id='word_1_119' title='bbox 692 1721 757 1770; x_wconf 88' lang='lat' dir='ltr'><strong>ut,</strong></span> <span class='ocrx_word' id='word_1_120' title='bbox 792 1714 870 1772; x_wconf 89' lang='lat' dir='ltr'><strong>qui</strong></span> <span class='ocrx_word' id='word_1_121' title='bbox 901 1721 1072 1758; x_wconf 87' lang='lat' dir='ltr'><strong>attente</strong></span> <span class='ocrx_word' id='word_1_122' title='bbox 1098 1715 1322 1774; x_wconf 84' lang='lat' dir='ltr'><strong>legerent,</strong></span> <span class='ocrx_word' id='word_1_123' title='bbox 1357 1730 1445 1759; x_wconf 93' lang='lat' dir='ltr'><strong>non</strong></span> <span class='ocrx_word' id='word_1_124' title='bbox 1474 1731 1573 1759; x_wconf 92' lang='lat' dir='ltr'><strong>ma-</strong></span> 
     </span>
     <span class='ocr_line' id='line_1_21' title="bbox 230 1793 1574 1855; baseline 0.001 -17"><span class='ocrx_word' id='word_1_125' title='bbox 230 1808 435 1855; x_wconf 87' lang='lat' dir='ltr'><strong>gnopere</strong></span> <span class='ocrx_word' id='word_1_126' title='bbox 481 1800 666 1852; x_wconf 89' lang='lat' dir='ltr'><strong>possent</strong></span> <span class='ocrx_word' id='word_1_127' title='bbox 709 1807 870 1838; x_wconf 87' lang='lat' dir='ltr'><strong>errare.</strong></span> <span class='ocrx_word' id='word_1_128' title='bbox 953 1793 1248 1852; x_wconf 83' lang='lat' dir='ltr'><strong>Quapropter</strong></span> <span class='ocrx_word' id='word_1_129' title='bbox 1289 1799 1419 1839; x_wconf 85' lang='lat' dir='ltr'><strong>notas</strong></span> <span class='ocrx_word' id='word_1_130' title='bbox 1462 1793 1574 1839; x_wconf 93' lang='lat' dir='ltr'><strong>sub-</strong></span> 
     </span>
     <span class='ocr_line' id='line_1_22' title="bbox 231 1872 1576 1932; baseline 0 -14"><span class='ocrx_word' id='word_1_131' title='bbox 231 1873 405 1932; x_wconf 87' lang='lat' dir='ltr'><strong>scripsi,</strong></span> <span class='ocrx_word' id='word_1_132' title='bbox 439 1873 604 1931; x_wconf 90' lang='lat' dir='ltr'><strong>quibus</strong></span> <span class='ocrx_word' id='word_1_133' title='bbox 640 1878 686 1915; x_wconf 90' lang='lat' dir='ltr'><strong>et</strong></span> <span class='ocrx_word' id='word_1_134' title='bbox 719 1872 839 1916; x_wconf 92' lang='lat' dir='ltr'><strong>illud</strong></span> <span class='ocrx_word' id='word_1_135' title='bbox 874 1877 1124 1929; x_wconf 84' lang='lat' dir='ltr'><strong>caveretur,</strong></span> <span class='ocrx_word' id='word_1_136' title='bbox 1166 1878 1212 1916; x_wconf 90' lang='lat' dir='ltr'><strong>et</strong></span> <span class='ocrx_word' id='word_1_137' title='bbox 1245 1872 1382 1917; x_wconf 88' lang='lat' dir='ltr'><strong>simul</strong></span> <span class='ocrx_word' id='word_1_138' title='bbox 1415 1888 1473 1917; x_wconf 93' lang='lat' dir='ltr'><strong>ne</strong></span> <span class='ocrx_word' id='word_1_139' title='bbox 1509 1888 1576 1931; x_wconf 90' lang='lat' dir='ltr'><strong>ea,</strong></span> 
     </span>
     <span class='ocr_line' id='line_1_23' title="bbox 232 1951 1578 2014; baseline 0.001 -16"><span class='ocrx_word' id='word_1_140' title='bbox 232 1952 399 2014; x_wconf 89' lang='lat' dir='ltr'><strong>quibus</strong></span> <span class='ocrx_word' id='word_1_141' title='bbox 434 1952 494 1997; x_wconf 91' lang='lat' dir='ltr'><strong>ab</strong></span> <span class='ocrx_word' id='word_1_142' title='bbox 528 1952 720 1997; x_wconf 91' lang='lat' dir='ltr'><strong>aliorum</strong></span> <span class='ocrx_word' id='word_1_143' title='bbox 749 1966 833 1998; x_wconf 91' lang='lat' dir='ltr'><strong>usu</strong></span> <span class='ocrx_word' id='word_1_144' title='bbox 859 1951 1073 1998; x_wconf 89' lang='lat' dir='ltr'><strong>recedens</strong></span> <span class='ocrx_word' id='word_1_145' title='bbox 1098 1951 1302 1999; x_wconf 90' lang='lat' dir='ltr'><strong>Rutilius</strong></span> <span class='ocrx_word' id='word_1_146' title='bbox 1328 1968 1471 1999; x_wconf 88' lang='lat' dir='ltr'><strong>novus</strong></span> <span class='ocrx_word' id='word_1_147' title='bbox 1496 1960 1578 2012; x_wconf 79' lang='lat' dir='ltr'><strong>est,</strong></span> 
     </span>
     <span class='ocr_line' id='line_1_24' title="bbox 233 2032 1580 2093; baseline 0.001 -16"><span class='ocrx_word' id='word_1_148' title='bbox 233 2034 517 2077; x_wconf 84' lang='lat' dir='ltr'><strong>imitarentur</strong></span> <span class='ocrx_word' id='word_1_149' title='bbox 560 2032 760 2091; x_wconf 87' lang='lat' dir='ltr'><strong>imperiti</strong></span> <span class='ocrx_word' id='word_1_150' title='bbox 812 2038 858 2076; x_wconf 93' lang='lat' dir='ltr'><strong>et</strong></span> <span class='ocrx_word' id='word_1_151' title='bbox 902 2032 992 2076; x_wconf 91' lang='lat' dir='ltr'><strong>rari</strong></span> <span class='ocrx_word' id='word_1_152' title='bbox 1038 2032 1269 2076; x_wconf 86' lang='lat' dir='ltr'><strong>interdum</strong></span> <span class='ocrx_word' id='word_1_153' title='bbox 1319 2033 1580 2093; x_wconf 84' lang='lat' dir='ltr'><strong>cupidiores</strong></span> 
     </span>
     <span class='ocr_line' id='line_1_25' title="bbox 235 2111 1581 2168; baseline 0.001 -12"><span class='ocrx_word' id='word_1_154' title='bbox 235 2112 561 2168; x_wconf 86' lang='lat' dir='ltr'><strong>adolescentes,</strong></span> <span class='ocrx_word' id='word_1_155' title='bbox 602 2111 811 2157; x_wconf 89' lang='lat' dir='ltr'><strong>modeste</strong></span> <span class='ocrx_word' id='word_1_156' title='bbox 846 2118 1250 2157; x_wconf 89' lang='lat' dir='ltr'><strong>commonerentur.</strong></span> <span class='ocrx_word' id='word_1_157' title='bbox 1318 2112 1463 2158; x_wconf 84' lang='lat' dir='ltr'><strong>Aliud</strong></span> <span class='ocrx_word' id='word_1_158' title='bbox 1498 2128 1581 2157; x_wconf 91' lang='lat' dir='ltr'><strong>au-</strong></span> 
     </span>
     <span class='ocr_line' id='line_1_26' title="bbox 236 2191 1581 2251; baseline 0.001 -15"><span class='ocrx_word' id='word_1_159' title='bbox 236 2198 332 2236; x_wconf 89' lang='lat' dir='ltr'><strong>tem</strong></span> <span class='ocrx_word' id='word_1_160' title='bbox 366 2197 603 2251; x_wconf 87' lang='lat' dir='ltr'><strong>praeterea</strong></span> <span class='ocrx_word' id='word_1_161' title='bbox 637 2197 734 2236; x_wconf 88' lang='lat' dir='ltr'><strong>erat</strong></span> <span class='ocrx_word' id='word_1_162' title='bbox 765 2191 1024 2236; x_wconf 86' lang='lat' dir='ltr'><strong>faciendum</strong></span> <span class='ocrx_word' id='word_1_163' title='bbox 1058 2191 1333 2237; x_wconf 88' lang='lat' dir='ltr'><strong>invidiosius.</strong></span> <span class='ocrx_word' id='word_1_164' title='bbox 1392 2192 1511 2238; x_wconf 90' lang='lat' dir='ltr'><strong>Nam</strong></span> <span class='ocrx_word' id='word_1_165' title='bbox 1535 2193 1581 2237; x_wconf 89' lang='lat' dir='ltr'><strong>in</strong></span> 
     </span>
     <span class='ocr_line' id='line_1_27' title="bbox 236 2271 1582 2332; baseline 0.001 -16"><span class='ocrx_word' id='word_1_166' title='bbox 236 2272 395 2332; x_wconf 83' lang='lat' dir='ltr'><strong>paucis</strong></span> <span class='ocrx_word' id='word_1_167' title='bbox 431 2271 587 2315; x_wconf 91' lang='lat' dir='ltr'><strong>adhuc</strong></span> <span class='ocrx_word' id='word_1_168' title='bbox 621 2271 836 2316; x_wconf 90' lang='lat' dir='ltr'><strong>consultis</strong></span> <span class='ocrx_word' id='word_1_169' title='bbox 870 2272 1119 2329; x_wconf 87' lang='lat' dir='ltr'><strong>codicibus,</strong></span> <span class='ocrx_word' id='word_1_170' title='bbox 1153 2299 1222 2306; x_wconf 89' lang='lat'>—</span> <span class='ocrx_word' id='word_1_171' title='bbox 1254 2288 1403 2332; x_wconf 89' lang='lat' dir='ltr'><strong>neque</strong></span> <span class='ocrx_word' id='word_1_172' title='bbox 1436 2274 1582 2318; x_wconf 86' lang='lat' dir='ltr'><strong>multo</strong></span> 
     </span>
     <span class='ocr_line' id='line_1_28' title="bbox 237 2351 1582 2412; baseline 0 -15"><span class='ocrx_word' id='word_1_173' title='bbox 237 2352 447 2397; x_wconf 89' lang='lat' dir='ltr'><strong>meliores</strong></span> <span class='ocrx_word' id='word_1_174' title='bbox 476 2365 666 2409; x_wconf 89' lang='lat' dir='ltr'><strong>usquam</strong></span> <span class='ocrx_word' id='word_1_175' title='bbox 694 2351 840 2395; x_wconf 89' lang='lat' dir='ltr'><strong>latere</strong></span> <span class='ocrx_word' id='word_1_176' title='bbox 867 2351 1144 2410; x_wconf 86' lang='lat' dir='ltr'><strong>affirmarim,</strong></span> <span class='ocrx_word' id='word_1_177' title='bbox 1172 2378 1241 2385; x_wconf 93' lang='lat'><strong>——</strong></span> <span class='ocrx_word' id='word_1_178' title='bbox 1270 2352 1465 2412; x_wconf 90' lang='lat' dir='ltr'><strong>pessime</strong></span> <span class='ocrx_word' id='word_1_179' title='bbox 1493 2352 1582 2397; x_wconf 88' lang='lat' dir='ltr'><strong>ha-</strong></span> 
     </span>
     <span class='ocr_line' id='line_1_29' title="bbox 238 2430 1584 2490; baseline 0.001 -16"><span class='ocrx_word' id='word_1_180' title='bbox 238 2431 386 2474; x_wconf 85' lang='lat' dir='ltr'><strong>bitum</strong></span> <span class='ocrx_word' id='word_1_181' title='bbox 420 2430 647 2475; x_wconf 88' lang='lat' dir='ltr'><strong>Rutilium</strong></span> <span class='ocrx_word' id='word_1_182' title='bbox 681 2445 835 2475; x_wconf 90' lang='lat' dir='ltr'><strong>omnes</strong></span> <span class='ocrx_word' id='word_1_183' title='bbox 878 2438 1067 2485; x_wconf 84' lang='lat' dir='ltr'><strong>norunt3</strong></span> <span class='ocrx_word' id='word_1_184' title='bbox 1113 2446 1261 2490; x_wconf 89' lang='lat' dir='ltr'><strong>neque</strong></span> <span class='ocrx_word' id='word_1_185' title='bbox 1305 2437 1493 2489; x_wconf 90' lang='lat' dir='ltr'><strong>quantas</strong></span> <span class='ocrx_word' id='word_1_186' title='bbox 1537 2433 1584 2477; x_wconf 86' lang='lat' dir='ltr'><strong>in</strong></span> 
     </span>
     <span class='ocr_line' id='line_1_30' title="bbox 242 2509 1585 2568; baseline 0.003 -15"><span class='ocrx_word' id='word_1_187' title='bbox 242 2524 296 2554; x_wconf 95' lang='lat' dir='ltr'><strong>eo</strong></span> <span class='ocrx_word' id='word_1_188' title='bbox 322 2516 367 2554; x_wconf 89' lang='lat' dir='ltr'><strong>et</strong></span> <span class='ocrx_word' id='word_1_189' title='bbox 390 2509 671 2554; x_wconf 88' lang='lat' dir='ltr'><strong>emendando</strong></span> <span class='ocrx_word' id='word_1_190' title='bbox 695 2515 741 2553; x_wconf 89' lang='lat' dir='ltr'><strong>et</strong></span> <span class='ocrx_word' id='word_1_191' title='bbox 764 2509 1034 2568; x_wconf 85' lang='lat' dir='ltr'><strong>explicando</strong></span> <span class='ocrx_word' id='word_1_192' title='bbox 1059 2510 1360 2555; x_wconf 87' lang='lat' dir='ltr'><strong>Ruhnkenius</strong></span> <span class='ocrx_word' id='word_1_193' title='bbox 1382 2511 1585 2557; x_wconf 90' lang='lat' dir='ltr'><strong>omnium</strong></span> 
     </span>
    </p>
   </div>
   <div class='ocr_carea' id='block_1_4' title="bbox 238 2584 501 2592">
    <p class='ocr_par' dir='ltr' id='par_1_5' title="bbox 238 2584 501 2592">
     <span class='ocr_line' id='line_1_31' title="bbox 238 2584 501 2592; baseline 0 615"><span class='ocrx_word' id='word_1_194' title='bbox 238 2584 501 2592; x_wconf 95' lang='lat' dir='ltr'><strong> </strong></span> 
     </span>
    </p>
   </div>
   <div class='ocr_carea' id='block_1_5' title="bbox 352 2607 1587 2711">
    <p class='ocr_par' dir='ltr' id='par_1_6' title="bbox 352 2607 1587 2711">
     <span class='ocr_line' id='line_1_32' title="bbox 352 2607 1586 2653; baseline 0.004 -14"><span class='ocrx_word' id='word_1_195' title='bbox 352 2607 416 2647; x_wconf 81' lang='lat' dir='ltr'><strong>tis,</strong></span> <span class='ocrx_word' id='word_1_196' title='bbox 441 2607 524 2650; x_wconf 76' lang='lat' dir='ltr'><strong>quin</strong></span> <span class='ocrx_word' id='word_1_197' title='bbox 546 2607 621 2647; x_wconf 82' lang='lat' dir='ltr'><strong>ille,</strong></span> <span class='ocrx_word' id='word_1_198' title='bbox 644 2618 688 2640; x_wconf 82' lang='lat' dir='ltr'><strong>ne</strong></span> <span class='ocrx_word' id='word_1_199' title='bbox 710 2607 806 2640; x_wconf 83' lang='lat' dir='ltr'><strong>verbi</strong></span> <span class='ocrx_word' id='word_1_200' title='bbox 827 2608 964 2651; x_wconf 80' lang='lat' dir='ltr'><strong>quidem</strong></span> <span class='ocrx_word' id='word_1_201' title='bbox 988 2609 1090 2653; x_wconf 80' lang='lat' dir='ltr'><strong>copia</strong></span> <span class='ocrx_word' id='word_1_202' title='bbox 1105 2611 1236 2652; x_wconf 83' lang='lat' dir='ltr'><strong>sacta,</strong></span> <span class='ocrx_word' id='word_1_203' title='bbox 1259 2608 1382 2642; x_wconf 78' lang='lat' dir='ltr'><strong>statim</strong></span> <span class='ocrx_word' id='word_1_204' title='bbox 1403 2609 1586 2644; x_wconf 76' lang='lat' dir='ltr'><strong>intereat?</strong></span> 
     </span>
     <span class='ocr_line' id='line_1_33' title="bbox 352 2662 1587 2711; baseline 0.004 -14"><span class='ocrx_word' id='word_1_205' title='bbox 352 2662 449 2699; x_wconf 83' lang='lat' dir='ltr'><strong>Item</strong></span> <span class='ocrx_word' id='word_1_206' title='bbox 471 2662 547 2698; x_wconf 84' lang='lat' dir='ltr'><strong>alio</strong></span> <span class='ocrx_word' id='word_1_207' title='bbox 571 2662 610 2698; x_wconf 92' lang='lat' dir='ltr'><strong>in</strong></span> <span class='ocrx_word' id='word_1_208' title='bbox 634 2674 769 2711; x_wconf 81' lang='lat' dir='ltr'><strong>genere</strong></span> <span class='ocrx_word' id='word_1_209' title='bbox 791 2664 1020 2710; x_wconf 67' lang='lat' dir='ltr'><strong>Hyperidem</strong></span> <span class='ocrx_word' id='word_1_210' title='bbox 1051 2664 1131 2700; x_wconf 84' lang='lat' dir='ltr'><strong>Hoc</strong></span> <span class='ocrx_word' id='word_1_211' title='bbox 1154 2665 1293 2711; x_wconf 80' lang='lat' dir='ltr'><strong>quidem</strong></span> <span class='ocrx_word' id='word_1_212' title='bbox 1316 2665 1494 2702; x_wconf 82' lang='lat' dir='ltr'><strong>decretum</strong></span> <span class='ocrx_word' id='word_1_213' title='bbox 1514 2680 1587 2702; x_wconf 81' lang='lat' dir='ltr'><strong>non</strong></span> 
     </span>
    </p>
   </div>
   <div class='ocr_carea' id='block_1_6' title="bbox 356 2721 1583 2834">
    <p class='ocr_par' dir='ltr' id='par_1_7' title="bbox 356 2721 1583 2834">
     <span class='ocr_line' id='line_1_34' title="bbox 356 2721 1583 2770; baseline 0.005 -16"><span class='ocrx_word' id='word_1_214' title='bbox 356 2725 477 2754; x_wconf 86' lang='lat' dir='ltr'><strong>orator</strong></span> <span class='ocrx_word' id='word_1_215' title='bbox 499 2721 654 2766; x_wconf 78' lang='lat' dir='ltr'><strong>scripsit,</strong></span> <span class='ocrx_word' id='word_1_216' title='bbox 677 2723 740 2756; x_wconf 82' lang='lat' dir='ltr'><strong>sed</strong></span> <span class='ocrx_word' id='word_1_217' title='bbox 757 2733 889 2769; x_wconf 82' lang='lat' dir='ltr'><strong>pugna</strong></span> <span class='ocrx_word' id='word_1_218' title='bbox 911 2724 960 2759; x_wconf 85' lang='lat' dir='ltr'><strong>ad</strong></span> <span class='ocrx_word' id='word_1_219' title='bbox 977 2724 1227 2759; x_wconf 73' lang='lat' dir='ltr'><strong>Chaeroneam.</strong></span> <span class='ocrx_word' id='word_1_220' title='bbox 1264 2723 1371 2759; x_wconf 80' lang='lat' dir='ltr'><strong>Alias</strong></span> <span class='ocrx_word' id='word_1_221' title='bbox 1393 2725 1483 2770; x_wconf 83' lang='lat' dir='ltr'><strong>figg.</strong></span> <span class='ocrx_word' id='word_1_222' title='bbox 1508 2724 1583 2760; x_wconf 82' lang='lat' dir='ltr'><strong>vid.</strong></span> 
     </span>
     <span class='ocr_line' id='line_1_35' title="bbox 357 2776 730 2834; baseline 0.003 -23"><span class='ocrx_word' id='word_1_223' title='bbox 357 2780 443 2821; x_wconf 82' lang='lat' dir='ltr'><strong>post</strong></span> <span class='ocrx_word' id='word_1_224' title='bbox 466 2776 647 2813; x_wconf 84' lang='lat' dir='ltr'><strong>animadv.</strong></span> <span class='ocrx_word' id='word_1_225' title='bbox 673 2790 730 2834; x_wconf 46' lang='lat' dir='ltr'><strong>cr.-</strong></span> 
     </span>
    </p>
   </div>
  </div>
 </body>
</html>
