1793 3207
887 195 954 241 12

244 344 473 400 scripsisti,
500 344 552 381 ut
576 340 721 382 exules
748 342 1099 383 restituerentur?
1139 341 1302 396 Scripsi
1305 358 1321 393 ‚-
1337 372 1340 374 -
1357 349 1407 387 ut
1430 357 1483 385 ne
1511 344 1600 398 quis

242 425 363 469 em'lio
390 422 654 477 afficeretur.
711 421 852 476 Leges
878 425 1020 477 igitm,
1048 433 1158 475 quae
1178 423 1459 474 prohibebant
1485 425 1599 473 haec,

239 516 323 547 non
350 500 623 558 negligebas?
666 500 770 543 Non
804 507 1022 558 poteram3
1056 499 1287 556 prepterea
1324 502 1438 555 qaod
1474 505 1602 546 literas

240 597 390 626 earum
418 595 541 624 arma
569 581 852 623 Macedonum
880 583 1069 636 opposita
1098 580 1355 636 objiciebant.

191 662 219 706 5
355 663 448 706 XX.
478 661 837 705 ΑΝΑΝΟΑΕΟΝ.
868 662 959 703 Hoc
975 662 1142 703 schema
1159 665 1258 703 tunc
1271 660 1461 715 prodest,
1480 663 1604 714 etque

244 744 376 787 omnis
412 744 501 785 eius
529 743 687 784 utilitas
716 744 759 783 in
799 756 851 784 eo
890 746 973 792 est,
1032 755 1126 784 cum
1162 741 1346 783 volumus
1381 740 1605 782 ostendere

242 824 589 866 necessitudinem
624 828 695 864 aut
732 828 923 874 naturae,
961 828 1030 864 aut
1065 824 1287 877 temporis,
1326 826 1398 863 aut
1433 822 1604 862 alicuius

240 914 465 957 personae3
495 903 844 956 quemadmodum
873 903 976 944 fecit
990 904 1162 958 Myron:
1192 904 1366 944 Amicus
1393 901 1607 953 meusfuit

245 981 538 1025 Chremonides
580 988 622 1025 et
658 985 851 1038 opinione
887 986 1066 1025 omnium
1106 986 1241 1038 magis
1260 983 1515 1035 familiaris,
1565 986 1606 1022 et

167 1059 222 1104 10
236 1075 321 1116 pro
349 1062 488 1104 salute
516 1065 605 1105 eius
635 1076 904 1118 quaecunque
925 1065 1057 1117 potui,
1078 1063 1184 1116 feci.
1235 1061 1323 1102 Sed
1327 1064 1605 1116 posteaquam

245 1145 381 1184 maior
417 1145 479 1185 vis
516 1144 620 1198 legis
654 1149 844 1185 nostrum
873 1144 1073 1184 aux-ilium
1102 1143 1155 1184 ab
1183 1143 1293 1184 illius
1316 1142 1506 1196 periculo
1536 1154 1606 1182 re-

243 1225 392 1272 movit,
421 1224 672 1265 calamitatis
700 1238 752 1264 ac
781 1225 918 1274 lactus
946 1225 1035 1264 eius
1058 1225 1274 1277 particeps
1303 1236 1431 1264 eram.
1490 1221 1607 1262 Nam

243 1302 478 1355 opitulandi
489 1303 685 1355 facultas
715 1305 847 1342 omnis
875 1307 1021 1356 erepta
1048 1304 1132 1341 iam
1151 1297 1318 1354 fuerat.
1385 1302 1487 1341 ltem
1524 1300 1606 1340 De-

241 1381 468 1423 mocharis:
524 1381 647 1423 Nihil
689 1383 798 1422 enim
843 1381 1012 1422 valebat
1046 1381 1217 1420 assidua
1247 1391 1334 1434 pro
1367 1380 1518 1431 fratre
1555 1392 1607 1420 ac

166 1455 221 1500 15
242 1462 478 1502 misericors
513 1460 777 1516 deprecatio,
835 1473 930 1501 cum
964 1459 1171 1501 victimaret
1207 1465 1431 1515 tyrannus,
1490 1460 1607 1500 cums

243 1541 468 1582 crudelitas
496 1555 658 1582 omnem
686 1541 868 1582 naturae
894 1540 1237 1581 necessitudinem
1267 1539 1571 1593 exstinguebat.

354 1619 465 1662 XXI.
493 1620 835 1673 ETHORofflA.
884 1620 1056 1674 Lysiae:
1083 1619 1204 1661 Rure
1232 1618 1411 1668 rediens,
1439 1618 1607 1668 iudices,

243 1699 366 1740 homo
394 1701 531 1741 maior
557 1705 676 1750 nata,
706 1714 861 1754 magno
891 1701 1048 1750 calore,
1077 1701 1148 1740 vis:
1175 1700 1384 1755 sufferens
1402 1701 1495 1739 viae
1519 1711 1607 1739 mo-

244 1779 418 1828 lestiam,
448 1785 589 1822 tamen
618 1781 681 1821 his
708 1781 841 1822 verbis
871 1785 1039 1834 egomet
1061 1794 1128 1821 me
1152 1781 1372 1821 consolor.-
1399 1780 1487 1819 Fer
1506 1779 1608 1831 sor-

167 1864 222 1908 20
244 1859 339 1901 titer
367 1858 533 1901 demum
563 1859 749 1902 laborem
760 1875 777 1909 ,-
805 1862 889 1901 iam
918 1860 1037 1901 brevi
1049 1859 1217 1900 domum
1233 1861 1372 1900 venies
1388 1863 1608 1912 exspecta-

246 1942 313 1977 tus
323 1952 340 1984 ‚·
369 1941 544 1991 excipiet
572 1946 612 1980 te
641 1941 920 1993 defatigatum
950 1939 1125 1992 diligens
1154 1944 1280 1990 atque
1309 1951 1457 1977 amans
1474 1951 1609 1984 uxor,-

249 2029 302 2056 ea
330 2016 473 2057 sedulo
513 2031 564 2057 ac
601 2018 750 2059 blande
781 2017 1165 2072 praeministrando
1201 2016 1394 2057 detrahet
1431 2017 1608 2070 languo—

248 2108 362 2143 rem,
402 2100 443 2135 et
479 2097 602 2136 simul
637 2098 786 2136 seniles
814 2097 1035 2137 nutriendo
1065 2096 1281 2149 reparabit
1305 2098 1426 2136 vires.
1485 2096 1608 2137 Haec

248 2188 315 2215 me
345 2176 388 2215 in
415 2176 563 2216 itinere
590 2178 836 2231 recogitatio
867 2190 1005 2230 prope
1044 2175 1280 2228 confectum
1320 2176 1605 2231 confirmabat.

271 2310 295 2345 ὃ
339 2322 413 2345 non
429 2312 616 2356 poteram)
640 2322 691 2345 sc.
716 2323 789 2347 non
813 2311 1018 2358 negligere.

270 2367 294 2401 7
338 2368 686 2412 necessitudinem3)
719 2379 792 2403 non
825 2371 932 2404 notat
962 2368 1243 2411 necessitatem,
1286 2369 1352 2404 sed
1384 2368 1609 2404 necessitate

337 2426 445 2460 nutas
468 2424 645 2460 rationes.

248 2480 292 2514 n
337 2482 570 2526 Ethopoeia.)
594 2480 745 2516 Excidit
767 2480 948 2516 definitio.
994 2481 1067 2516 Est
1089 2485 1214 2516 autem
1238 2480 1408 2516 moribus
1431 2481 1494 2515 vel
1513 2485 1609 2516 tcm-

337 2537 493 2581 poribus
517 2536 711 2582 aliquibus
744 2536 968 2573 conveniens
997 2536 1142 2580 orutio3
1175 2548 1198 2573 u
1229 2536 1521 2573 charncterismo
1555 2537 1611 2572 itu

341 2593 490 2636 differt,
513 2597 557 2629 ut
579 2593 645 2629 hie
667 2605 792 2630 mores
815 2595 965 2641 aliquos
988 2593 1094 2641 ipsos
1118 2594 1319 2641 depingat3
1364 2594 1460 2630 haec
1481 2605 1504 2629 e
1526 2604 1609 2628 mo-

340 2647 448 2683 ribus
470 2651 641 2686 effectum
663 2662 743 2686 rem
768 2652 832 2687 vel
856 2651 1065 2687 orationem
1090 2654 1267 2710 tanquam
1292 2650 1506 2687 comoediae
1528 2660 1610 2683 sce-

340 2710 429 2736 nam
469 2701 634 2747 aliquam
671 2708 867 2750 proponet.
899 2703 954 2739 sie
1003 2695 1056 2741 τὸ
1103 2692 1267 2754 ἦθικόν
1304 2702 1510 2749 opponitur
1546 2695 1609 2753 τῷ

349 2752 601 2809 παθητικῷ.

249 2817 295 2854 2⁰
341 2820 499 2866 demum)
523 2819 623 2855 idem
647 2821 739 2863 fere,
764 2821 863 2867 quod
886 2822 1042 2858 tandem.
