1793 3207
108 2526 127 2545 1

805 159 872 218 19

158 319 274 359 cuius
301 321 442 357 venae'
469 329 554 358 non
587 319 791 373 sanguine
825 317 901 359 secl
936 320 1030 360 vino
1068 320 1165 358 sunt
1204 314 1416 370 repletae,
1475 326 1519 353 se

156 398 246 451 ipse
283 396 447 450 erigere
481 410 566 439 non
602 399 739 446 valet‚·
797 397 965 438 tandem
1003 396 1162 437 duobus
1197 397 1386 444 annii-us,
1424 394 1517 434 lan—

154 475 319 531 guidae,
348 479 421 532 qui
443 477 631 521 cubando
661 480 714 520 sit
741 478 1013 531 defatigatus,
1035 479 1256 524 tunicatus,
1270 477 1360 516 sine
1365 474 1517 529 pallio,

156 556 340 598 soleatus
367 557 550 606 betaceo,
573 558 749 611 palliolo
768 557 917 611 frigus
935 571 963 597 a
985 558 1121 611 capite
1139 554 1383 609 defendens,
1392 555 1517 604 flexa

157 639 328 686 cervice,
356 638 580 677 summissis
605 637 791 691 genibus,
820 638 964 683 colore
992 638 1209 690 exsangui,
1235 635 1433 689 protinus
1462 647 1516 674 ex
1538 630 1567 676 5

158 716 389 758 cubiculari
421 716 571 756 lectulo
611 718 842 758 exsiccatus
879 719 923 758 in
952 717 1175 757 triclinium
1204 714 1398 755 trahitur.
1456 712 1523 752 1122·

149 799 324 849 praesto
353 799 450 834 sunt
477 795 723 847 quotidiani,
753 810 776 836 e
803 810 963 836 nausea
993 796 1138 836 eodem
1165 794 1302 835 studio
1333 794 1517 841 excitati,

158 874 365 915 convivae.
430 870 514 911 Hic
551 885 651 912 vero
681 875 881 927 princeps
911 875 1088 927 paulum
1132 873 1256 921 illud,
1314 872 1517 925 reliquum

157 952 270 1007 quod
296 951 422 992 habet
446 953 596 992 mentis
624 966 676 993 ac
704 965 867 1002 sensus,
891 954 1055 1005 poculis
1084 953 1308 994 extrudere
1337 952 1514 993 meraci-

156 1032 232 1072 bus
251 1031 458 1084 festinan
487 1030 659 1072 bibendo
681 1035 901 1085 provocat,
932 1032 1109 1078 lacessit,
1139 1033 1187 1078 si,
1205 1036 1264 1071 ,ut
1281 1033 1324 1071 in
1342 1032 1516 1071 hostium
1540 1025 1595 1069 10

151 1113 342 1165 proelio,
376 1124 501 1164 quam
533 1111 738 1164 plurimos
766 1113 980 1164 superarit
1013 1116 1138 1164 atque
1176 1109 1401 1161 afflixerit,
1429 1123 1517 1149 am·

151 1191 383 1244 plissimam
427 1189 509 1229 sibi
550 1191 764 1231 victoriam
804 1194 979 1243 partam
1024 1191 1276 1230 esistinmns.
1350 1188 1520 1228 Interea

152 1269 344 1323 procedit
372 1270 496 1310 simul
521 1274 565 1309 et
590 1271 748 1311 illuvies
775 1272 909 1323 turpes
938 1275 978 1310 et
1005 1271 1196 1323 potatio;
1236 1268 1352 1308 oculi
1380 1269 1518 1308 venum

159 1349 425 1388 lacrimantes
454 1348 651 1402 caligant,
680 1348 884 1389 ebriosum
912 1350 996 1402 ipsi
1018 1350 1088 1389 via·
1116 1347 1224 1388 ebrii
1245 1348 1515 1399 cognoscunt.

158 1428 282 1468 Alius
310 1429 399 1467 sine
426 1440 578 1468 caussa
605 1429 742 1481 iurgio
764 1430 1007 1483 proximum
1024 1428 1214 1474 lacessit,-
1244 1426 1352 1466 alius
1370 1437 1516 1465 somno
1541 1419 1595 1463 15

159 1505 321 1548 deditus
348 1509 394 1547 vi
416 1509 581 1560 cogitur
616 1509 816 1561 vigilare3
864 1509 971 1549 aleus
1004 1508 1145 1548 ria-ari
1171 1509 1306 1559 parat
1313 1519 1329 1552 ‚·
1388 1505 1517 1545 alium

159 1586 303 1626 turbas
331 1588 527 1626 vitantem
556 1599 607 1625 ac
635 1586 803 1627 domum
831 1589 989 1628 reverti
1002 1588 1231 1640 cupientem
1247 1585 1400 1624 retinet
1413 1571 1517 1623 iani-

160 1671 251 1714 tor,
281 1665 450 1719 pulsat‚
488 1666 606 1705 exire
626 1664 840 1718 prohibet,
877 1665 1035 1706 domini
1057 1664 1320 1705 interdictum
1348 1662 1519 1702 ‹lemon-

159 1750 312 1785 strans.
342 1744 512 1784 Interea
531 1744 657 1784 alium
671 1746 966 1785 contumeliose
983 1749 1106 1785 extra
1134 1746 1303 1783 ianuam
1333 1729 1518 1790 eiectum,

159 1825 422 1865 vacillantem
442 1836 555 1876 puer
583 1828 790 1864 sustentat
824 1837 876 1864 ac
912 1823 1029 1864 ducit
1057 1824 1233 1876 pallium
1265 1835 1347 1875 per
1387 1821 1519 1862 lutum
1541 1814 1597 1857 20

160 1903 405 1944 trahentem.
435 1901 670 1943 Novissime
697 1903 810 1943 solus
838 1904 882 1943 in
911 1903 1088 1943 triclinio
1118 1902 1288 1942 relictus
1305 1914 1389 1941 non
1399 1902 1520 1954 prius

153 1984 355 2036 poculum
384 1995 407 2021 e
435 1982 624 2022 manibus
639 1984 817 2041 ‘mimi’
852 1995 976 2035 quam
1013 1994 1182 2021 somnus
1220 1982 1429 2033 oppressit
1464 1980 1521 2018 bi—

161 2061 336 2108 bentem,
366 2074 417 2100 ac
446 2060 653 2101 dissolutis
683 2060 855 2101 artubus
882 2062 1015 2114 ipsum
1039 2059 1239 2113 poculum
1267 2054 1417 2112 suapte
1444 2070 1520 2097 na-

162 2144 260 2179 tura
289 2139 513 2180 dormienti
537 2140 701 2180 excidit.

274 2217 381 2257 vul.
412 2218 824 2259 BRACHYLOGIA.
864 2220 954 2258 Hoc
982 2219 1077 2259 fieri
1106 2217 1228 2265 solet,
1259 2229 1353 2256 cum
1383 2218 1522 2256 orator
1544 2214 1597 2255 25

163 2297 362 2337 brevitate
401 2297 624 2335 sententiae
661 2296 872 2349 praecedit
917 2296 1117 2335 auditoris
1165 2295 1519 2347 exspectationem.

163 2377 331 2429 Lysiae:
394 2374 569 2425 Quaeris
609 2388 636 2413 a
659 2388 768 2423 .me‚
825 2387 905 2427 quo
964 2377 1056 2414 iure
1115 2374 1298 2413 obtinere
1349 2373 1520 2424 possim,

186 2544 210 2579 5
256 2542 423 2586 cervicem
448 2545 536 2576 nota
560 2540 802 2587 singularem,
826 2552 894 2586 pro
920 2540 1143 2583 cervicibus.

165 2613 211 2648 23
255 2612 369 2656 ipsum
388 2609 573 2654 poculum)
588 2609 624 2653 j.
649 2621 680 2643 e.
704 2611 835 2652 sponte
859 2608 1033 2652 poculum
1057 2605 1208 2647 excidit,
1232 2605 1359 2651 itaque
1375 2609 1521 2651 poterat

257 2668 389 2703 abesse
412 2670 540 2710 suapte
562 2670 722 2706 natum,-
754 2664 905 2699 videtur
927 2663 967 2698 id
990 2661 1198 2704 addidisse,
1222 2674 1295 2707 quo
1321 2663 1460 2697 lentius
1484 2666 1520 2695 ct

259 2721 455 2760 remissius
479 2721 599 2757 exiret
621 2720 858 2757 dormitantis
890 2718 1093 2766 descriptio
1128 2723 1214 2765 post
1246 2720 1522 2765 praecedentem

261 2781 437 2816 furorem.
