1793 3207
872 217 904 260 2

326 362 373 402 11.
411 355 911 400 SYNATHROESMOS.
970 356 1062 398 Hoc
1091 365 1134 400 et
1160 367 1330 420 singulis
1357 364 1488 408 verbis
1512 364 1554 403 et

218 442 393 497 plurium
427 439 649 481 verborum
693 437 982 478 coniunctione
1023 436 1118 477 fieri
1165 446 1317 489 potest.
1383 442 1556 498 Singulis

217 521 352 562 verbis
388 520 468 561 hoc
504 519 640 561 modo.
700 516 938 557 Cleochari:
978 513 1064 555 Sed
1097 528 1190 555 cum
1228 517 1286 555 ad
1321 526 1561 575 supplicium

218 600 459 641 sumendum
486 612 531 638 se
559 598 839 651 confirmaret,
869 595 998 635 multa
1026 594 1149 659 simul
1176 607 1268 634 eum
1291 600 1561 640 revocabant:

172 678 199 721 5
223 681 386 734 officia,
416 677 686 725 consuetudo,
716 680 896 729 tempus,
927 674 1174 714 existimatio
1187 703 1198 720 ‚
1220 674 1467 727 periculum,
1496 689 1563 715 re-

226 761 347 814 ligio3
375 773 481 813 quae
507 758 672 811 singula
695 757 892 809 proprias
921 755 963 794 ei
987 755 1258 807 cogitationes
1275 754 1333 794 ad
1350 767 1564 794 remoran—

226 839 322 878 ‹lum
357 837 627 877 subiiciebant.
694 834 984 875 Democharis:
1030 833 1144 874 Nam
1182 835 1271 887 quis
1309 833 1409 873 haec
1446 834 1568 873 simul

226 919 416 957 universa
440 917 609 970 perpeti
634 916 785 968 possit,
822 916 1032 962 timorem,
1068 913 1271 964 morbum,
1307 917 1566 977 senectutem,

228 997 527 1042 contumeliam,
556 996 750 1048 inopiam,
777 995 886 1034 vim?
914 1006 1089 1046 quarum
1118 994 1282 1045 quaevis
1309 1006 1394 1032 una
1411 1005 1479 1031 res
1486 1005 1566 1045 per

155 1072 207 1116 10
229 1089 273 1117 se
301 1077 401 1117 satis
430 1080 490 1116 est
517 1075 658 1127 gravis
687 1073 745 1113 ad
772 1072 1052 1127 deficiendum.
1110 1071 1193 1111 Sed
1222 1073 1264 1111 in
1284 1072 1567 1112 coniunctione

231 1155 412 1207 plurium
440 1154 657 1193 verborum
685 1151 917 1191 huiusmodi
946 1154 1019 1189 est.
1076 1151 1268 1202 Lycurgi:
1298 1150 1432 1189 Nemo
1462 1151 1567 1189 enim

233 1246 384 1272 nocens
399 1233 485 1271 sine
503 1244 658 1270 summo
678 1243 869 1269 moerore
898 1233 969 1273 est,
1001 1228 1163 1277 iudices,
1192 1229 1267 1268 sed
1292 1230 1422 1268 multa
1451 1229 1571 1268 simul

229 1322 320 1348 eum
342 1308 592 1360 perturbant
600 1321 616 1352 ,·
650 1307 761 1358 quod
787 1306 924 1353 adest,
953 1306 1234 1345 sollicitudinis
1255 1307 1438 1358 plenum,
1459 1307 1571 1358 quod

219 1387 412 1438 futurum
448 1389 529 1432 est,
579 1383 922 1436 formidolosum,
981 1384 1049 1422 lex
1083 1387 1283 1436 paratum
1328 1385 1567 1438 supplicium

153 1462 206 1505 15
230 1470 459 1514 ostentans,
493 1466 592 1504 vitia
630 1477 684 1503 ea·
719 1464 822 1502 vitiis
859 1467 1026 1512 coacta,
1073 1465 1329 1503 occasionem
1364 1465 1573 1518 arguendi

228 1546 421 1598 maleficii
444 1548 615 1596 captans
653 1544 861 1589 inimicum·
900 1556 1006 1594 quae
1042 1542 1276 1593 quotidiano
1309 1544 1568 1583 vehementer

227 1625 312 1662 eius
340 1624 518 1662 animum
549 1622 802 1662 excruciant.

339 1702 406 1740 ΙΙΙ.
462 1699 872 1741 PARONOMASIA.
932 1699 1025 1738 Hoc
1052 1704 1122 1738 aut
1156 1698 1360 1748 addenda,
1397 1705 1467 1740 aut
1496 1701 1567 1740 de-

228 1780 383 1829 menda,
414 1784 480 1821 aut
508 1779 711 1830 mutanda,
739 1782 806 1820 aut
835 1776 1093 1832 porrigenda,
1124 1781 1192 1818 aut
1219 1779 1491 1820 contrahenda
1519 1781 1568 1820 li·

153 1858 205 1899 20
229 1865 319 1900 tera
347 1863 416 1899 aut
444 1859 597 1911 syllaba
624 1860 720 1898 fieri
749 1859 971 1898 consuevit.
1017 1859 1063 1898 ld
1093 1865 1157 1899 est
1183 1860 1438 1900 huiusmodi:
1468 1860 1569 1899 Non

233 1941 338 1978 enim
366 1939 481 1978 decet
516 1938 717 1978 hominem
752 1951 908 1991 genere
942 1937 1139 1987 nobilem,
1184 1941 1347 1991 ingenio
1384 1938 1570 1978 mobilem

234 2016 374 2054 videri.
432 2016 546 2054 Nam
575 2030 665 2055 cum
695 2016 876 2056 omnibus
905 2016 1141 2063 hominibus,
1170 2021 1256 2056 tum
1284 2019 1461 2056 maxime
1481 2029 1568 2056 ma-

235 2096 344 2134 ι1·ιήιο
374 2095 518 2146 cuique
546 2096 818 2134 inco-nstantia
846 2095 1091 2146 turpitudini
1115 2100 1185 2134 est.
1223 2096 1336 2135 ltem.
1373 2096 1436 2135 At
1451 2096 1568 2135 huius

236 2174 539 2212 sceleratissimi
564 2186 712 2225 opera,
740 2175 812 2226 qui
828 2173 916 2223 fuit
945 2174 1059 2213 lucus
1087 2174 1430 2227 religiosissimus,
1458 2187 1568 2215 nunc

159 2247 214 2290 25
238 2256 298 2290 est
327 2253 439 2290 locus
468 2252 786 2296 desertissimus‚·
823 2254 1011 2292 nimirum
1049 2257 1237 2305 quoniam
1277 2254 1468 2294 traditam
1495 2253 1572 2292 sibi

230 2329 489 2381 publicorum
520 2330 744 2370 custodiam
772 2344 985 2371 sacrorum
1021 2345 1104 2372 non
1140 2332 1307 2383 honori,
1342 2333 1416 2373 sed
1453 2334 1572 2373 oneri

237 2423 324 2448 esse
356 2412 608 2449 εωίετὴηαυίί.

258 2520 279 2552 ὕ
318 2521 482 2564 proprias
494 2523 595 2566 cog.)
624 2522 647 2555 i.
660 2533 688 2554 c.
701 2522 745 2556 ad
756 2534 838 2556 cum
849 2523 996 2566 proprie
1008 2524 1231 2567 pertinentes
1256 2527 1293 2558 et
1312 2522 1418 2568 quasi
1428 2522 1565 2568 privas.

236 2574 280 2605 10
325 2578 369 2607 ml
393 2577 640 2619 deficiendum)
666 2577 688 2610 i.
715 2588 743 2609 c.
770 2582 811 2610 ut
834 2578 933 2610 vires
958 2579 1139 2613 deficiant.

235 2627 280 2662 15
323 2631 407 2663 vitia
430 2642 470 2664 ex
491 2632 585 2666 vitiis
609 2633 752 2674 coacta)
776 2632 870 2668 vitia
892 2634 1089 2670 commissa
1103 2635 1295 2670 comittere
1310 2635 1405 2670 vitia
1428 2635 1567 2678 cogunt

325 2685 410 2718 alia.
457 2687 635 2721 Videntur
660 2693 784 2722 autem
806 2689 901 2723 vitia
932 2701 1028 2724 nova
1059 2695 1208 2735 propter
1237 2692 1364 2735 legum
1393 2689 1566 2723 timorem

325 2739 526 2782 committi3
557 2742 680 2786 itaque
708 2748 794 2787 post
823 2745 926 2790 leges
951 2751 1166 2790 sequuntur,
1190 2751 1227 2780 et
1250 2745 1470 2790 praecedunt
1492 2743 1564 2779 ini-

323 2795 460 2829 micum
483 2797 710 2833 occasionem
732 2801 911 2845 arguendi
941 2806 1166 2845 captantem,
1199 2802 1287 2846 quia
1315 2800 1564 2837 crescentibus

322 2851 428 2885 vitiis
451 2852 697 2888 accusationis
721 2856 885 2899 pericula
909 2850 1088 2892 crescunt.

1738 350 1753 446 Α
