1793 3207
269 234 758 277 ANIMADVERSIGNES
781 235 1036 274 carnem.
1053 234 1111 272 Ia.
1129 234 1162 278 1,
1180 232 1237 271 15.
1252 232 1309 269 16.
1400 226 1468 275 37

114 359 210 400 tatis
239 367 429 398 crescere
457 353 507 395 Ο.
545 353 794 409 Deplorutus
824 354 959 403 locus,
995 352 1063 394 cui
1100 351 1144 394 S.
1172 354 1217 394 et
1244 353 1469 405 sequentes

113 427 298 468 editores
326 423 531 464 steliuium
560 426 850 477 apposuerunt.
907 423 995 463 Nos
1017 422 1124 463 'nibil
1159 421 1325 475 ingenio
1352 433 1467 461 asse-

113 493 286 547 quimur.
317 491 394 533 Rk.
423 492 511 547 Ego
539 492 642 534 mihi
672 490 1095 540 correxissevideon
1131 504 1182 532 ex
1210 490 1467 544 compendiis

112 561 217 602 maie
251 561 396 602 solutis
431 565 602 613 utraque
638 574 716 602 vox
754 564 951 613 corrupta
983 563 1061 600 est.
1119 559 1179 599 Ut
1212 559 1263 598 nd
1300 572 1466 608 nomen,

110 631 257 681 vereri,
287 630 344 671 ita
370 629 421 671 ud
445 631 756 684 protervitatem
785 628 1148 682 compescendam,
1184 628 1323 667 minae
1358 629 1464 667 esti·-

110 698 354 739 mescendae
388 700 529 750 argute
566 697 820 737 referuntur.
858 717 915 726 —
980 696 1128 736 Omnia
1145 695 1259 746 feci)
1295 694 1343 734 0.
1362 696 1471 748 fieri

111 767 139 807 l.
169 765 221 808 V.
249 789 306 797 —
334 764 599 819 neglegebat)
638 764 707 805 Sic
734 764 849 814 libri3
885 762 1175 818 negligebatur
1195 762 1243 802 Ε.
1262 762 1311 803 A.
1337 762 1465 815 idque

111 835 272 886 recepit
301 834 385 872 Rk„
417 834 505 885 Ego
534 833 626 871 reli·
659 833 801 871 libror.
832 833 1117 871 auctoritatem
1147 830 1361 884 praefer-03
1391 831 1464 871 sed

111 906 287 955 propter
308 900 491 952 orthogr.
506 900 764 939 constantiam
782 900 878 939 dedi
893 899 1140 953 negligebat.
1158 904 1207 939 ut
1235 899 1313 939 iste
1330 900 1465 939 nu‘nas

112 966 416 1014 contemnebat,
454 968 512 1005 itu
550 966 788 1018 neglegebat
811 969 1095 1017 magistratus.
1153 967 1287 1006 Etiam
1316 967 1462 1006 similis

112 1035 265 1083 exitus,
294 1027 677 1088 (homoeoptoton)
708 1036 875 1085 praeter
906 1032 1078 1084 diulysin
1109 1036 1316 1085 quaesitus
1346 1040 1425 1074 est.

222 1100 331 1142 XVI.
362 1100 600 1140 Metanoea.
628 1101 717 1153 ipse
744 1101 810 1149 se)
848 1112 928 1139 om.
967 1113 1013 1139 se
1050 1100 1101 1139 Ο.
1138 1100 1294 1140 addidit
1329 1102 1381 1140 R.
1420 1106 1465 1142 et

111 1170 207 1210 hinc
235 1167 277 1208 S.
306 1190 364 1199 ·—-
384 1180 468 1221 per
496 1169 623 1221 ἱρείης
650 1168 796 1217 vitam)
832 1168 933 1208 vitia
962 1167 1012 1208 Ο.
1041 1169 1166 1208 vitam
1196 1168 1355 1208 emend.
1387 1168 1463 1208 Rk.

113 1250 163 1277 ex
200 1236 410 1277 Demosth.
439 1257 497 1266 --
552 1240 603 1277 nt
635 1235 871 1277 hum-smodi
900 1248 1041 1277 omnes
1079 1235 1285 1287 homines)
1323 1250 1465 1277 omnes

112 1305 186 1345 hos
216 1305 266 1344 Ο.
325 1304 408 1344 Sed
438 1316 663 1357 pronomen
692 1304 767 1345 bos
794 1309 940 1358 aperte
968 1304 1113 1344 falsum
1144 1309 1233 1353 θείς
1269 1318 1359 1344 num
1390 1306 1465 1346 ob-

112 1374 261 1414 iectum
290 1373 370 1412 iam
398 1373 497 1413 lutet
531 1374 573 1413 in
613 1374 789 1427 genitivo
825 1372 1067 1413 hmnsmodi.
1106 1373 1148 1412 in
1186 1372 1464 1415 Demosthene

112 1446 250 1481 autem
287 1446 352 1480 est
389 1437 454 1486 οἷς
483 1435 507 1480 ὅ
537 1438 670 1494 δῆμος
706 1440 955 1495 καταρᾶται
966 1456 983 1489 ,·
1027 1440 1137 1480 unde
1174 1442 1464 1494 corrigendum

112 1508 344 1558 videbatur,
382 1522 406 1548 e
435 1509 550 1548 cuius
579 1509 691 1549 vocis
720 1509 968 1561 compendio
992 1507 1067 1548 hos
1094 1508 1295 1561 originem
1324 1509 1465 1559 habet,

113 1577 319 1622 homines,-
356 1588 447 1615 nam
486 1578 614 1615 omnis
645 1578 828 1630 populus
866 1577 903 1616 si
937 1577 1238 1629 corrigeretur,
1292 1577 1463 1617 audires

113 1643 402 1684 Terentianum
438 1643 564 1683 illud:
609 1643 687 1684 hoc
715 1645 898 1697 populus
936 1649 1057 1684 curat
1093 1644 1273 1683 scilicet!
1328 1645 1464 1685 Aliam

113 1713 218 1751 viam
246 1710 476 1762 corrigendi
506 1712 704 1763 quaesivit
732 1712 802 1760 A„
843 1724 1017 1763 eumque
1053 1712 1184 1751 secuti
1218 1711 1260 1750 S.
1290 1715 1335 1751 et
1363 1711 1465 1751 Rk.:

113 1778 189 1818 sed
214 1777 454 1826 huiusmodi,
483 1783 529 1818 ut
558 1792 698 1820 omnes
726 1779 812 1820 bos.
872 1779 955 1820 Sed
983 1782 1119 1819 manet
1146 1778 1235 1827 bos,
1266 1780 1385 1819 etiam
1406 1780 1465 1820 itu

114 1847 324 1894 vitiosum3
360 1846 535 1886 debebat
563 1848 672 1887 enim
700 1861 793 1887 esse
822 1860 904 1888 eos.
934 1850 1150 1899 praeterea
1179 1860 1278 1887 suus
1308 1847 1466 1887 Rutilio

114 1927 202 1955 mos
240 1914 457 1967 ademptus
493 1917 569 1955 est.
605 1916 641 1954 is
679 1916 787 1955 enim
826 1916 982 1955 ironice
1018 1914 1269 1965 huiusmodi,
1312 1920 1360 1956 ut
1397 1916 1466 1956 alii

115 1982 324 2031 eiusmodi,
353 1983 682 2034 frequentissime
702 1984 838 2035 ponit,
866 1983 981 2023 velut
997 1984 1040 2022 in
1055 1983 1243 2035 exemplo
1258 1983 1467 2036 proximo:

115 2049 349 2091 huiusmodi
371 2051 576 2103 inceptum
604 2050 822 2092 duntaxat.
853 2073 910 2081 -
937 2063 1047 2098 sero,
1076 2051 1193 2103 sero)
1222 2053 1347 2100 serio,
1367 2065 1463 2092 sero

116 2119 167 2158 0.
196 2132 291 2158 sero
320 2130 427 2157 corr.
457 2119 507 2157 Ε.
537 2118 580 2158 S.
609 2142 666 2149 -
694 2120 755 2158 his
777 2121 927 2172 paucis
955 2119 1083 2170 diebL)
1113 2119 1179 2159 hic
1208 2120 1255 2159 1..
1285 2121 1314 2159 l.
1346 2119 1397 2160 V.
1414 2120 1464 2159 R.

115 2187 164 2226 iis
191 2185 242 2225 Ε.
272 2184 333 2225 his
361 2185 409 2225 A.
439 2184 480 2224 S.

226 2254 312 2293 eius
340 2253 574 2293 huiusmodi
596 2254 767 2307 incept.)
797 2256 885 2294 eius
913 2266 993 2293 om.
1013 2254 1063 2293 Ο.
1080 2267 1156 2307 ego
1177 2255 1332 2304 addidi,
1353 2256 1465 2307 quod

116 2319 338 2360 similitudo
374 2321 483 2360 vocis
521 2310 729 2372 proximae
763 2321 969 2378 hauserat.
999 2321 1235 2363 huiusmodi
1257 2325 1464 2377 inceptum

117 2390 265 2440 (armis
293 2388 468 2440 aliquem
496 2389 720 2439 lacessere)
756 2389 783 2428 i.
813 2402 850 2429 e.
890 2393 970 2428 tam
999 2391 1099 2430 mite
1126 2392 1355 2442 inceptum,
1390 2402 1465 2442 op-

116 2456 284 2509 ponitur
312 2455 467 2496 ironice
517 2454 640 2495 caedi
655 2455 887 2509 perfectae.
917 2456 1154 2498 buae’zcsmodae‘
1175 2456 1380 2510 inceptid.
1396 2471 1463 2498 ar.

117 2523 159 2563 S.
188 2524 296 2564 hunc
322 2525 477 2576 incepti
500 2522 539 2562 d.
570 2522 621 2564 V.
653 2523 701 2563 D.
731 2524 775 2563 in
801 2537 928 2576 murg-
958 2524 1010 2564 R.
1039 2524 1159 2564 huius
1185 2526 1392 2577 inceptum
1420 2525 1462 2564 d.

117 2589 196 2631 luc.
226 2590 502 2631 coniecerunt.
530 2612 588 2621 --
613 2590 824 2645 malefic-it)
853 2592 1037 2646 malefici
1064 2592 1181 2644 libri,
1219 2592 1330 2646 quod
1358 2593 1467 2635 male

117 2663 328 2699 mutarunt
355 2660 397 2698 in
426 2660 545 2699 form.
576 2660 772 2712 malefice?
795 2660 846 2700 Ε.
876 2661 927 2700 Α.
956 2664 1001 2700 et
1027 2659 1084 2708 S„
1116 2661 1231 2713 quasi
1260 2662 1464 2703 vitiosum.

41 2763 44 2766 .
119 2727 256 2777 Quum
285 2732 420 2767 tamen
447 2726 601 2768 scholis
629 2727 697 2768 hic
723 2727 833 2769 liber
860 2726 1086 2769 tradendus
1115 2733 1246 2783 esset,
1281 2731 1465 2773 retinen-

120 2793 213 2834 dum
241 2796 383 2836 censui
410 2796 656 2847 scripturam
683 2807 791 2836 nunc
817 2795 1015 2848 vulgatum
1042 2798 1085 2836 ii.
