1793 3207
909 234 943 281 8

258 382 550 424 Chaeremenes
580 391 672 420 cum
701 379 930 424 bominibus
958 386 1130 425 armatis
1156 382 1322 423 adeum
1339 382 1458 423 venit.
1494 379 1593 421 Oum

250 461 434 507 venisset,
463 459 551 499 sine
579 460 670 499 ulla
698 460 901 515 religione
929 462 1097 505 domum
1126 463 1210 503 eius
1225 462 1499 515 expugnavit.-
1519 473 1593 500 ea·-

240 542 435 594 pugnata
470 540 514 578 vi
546 537 668 579 domo
695 539 910 591 familiam
953 542 1177 583 abstrahit:
1221 540 1470 581 abstractam
1506 545 1593 581 tor·

247 621 394 661 mentis
433 611 614 660 omnibus
652 622 928 662 excruciavit.-
966 623 1195 664 cruciatam
1228 619 1379 662 vinxit.-
1414 619 1593 660 vinctam

199 699 226 743 5
249 703 292 742 in
312 700 521 755 publicum
541 701 724 752 proiecit
741 700 928 754 praedo,
965 714 1019 741 ne
1053 715 1172 742 suum
1207 700 1453 754 maleficium
1489 699 1592 738 taci-

248 785 336 823 tum
364 782 522 828 lateret,
551 778 626 818 sed
652 793 749 819 cum
769 784 1089 833 praetereuntes
1104 784 1364 835 prostratam
1381 777 1593 831 familiam

248 860 444 908 viderent,
474 863 517 899 et
541 857 593 898 ab
622 858 683 899 his
712 872 803 899 rem
829 864 993 913 gestam
1021 859 1233 910 audirem&
1255 859 1379 900 simul
1405 863 1446 898 et
1465 857 1592 898 oculis

248 945 291 980 et
316 939 483 980 auribus
511 939 646 979 scelus
675 940 783 980 illius
812 945 1074 993 usurparent.
1113 940 1216 980 Item
1235 940 1432 992 Lycurgi:
1461 935 1594 978 Haud

246 1019 348 1061 mihi
370 1021 525 1060 mirum
550 1018 734 1068 videtur,
781 1018 893 1074 quod
926 1023 1012 1060 tam
1049 1020 1256 1060 excelsum
1292 1017 1390 1058 boni
1410 1016 1592 1071 gradum

173 1099 227 1143 10
249 1100 369 1140 homo
407 1102 561 1139 summi
593 1099 744 1139 laboris
781 1099 1018 1139 escenderit.
1077 1099 1191 1139 Nam
1226 1099 1296 1138 cui
1321 1101 1493 1150 praesto
1530 1100 1594 1135 est

249 1180 376 1221 studii
399 1179 600 1226 voluntas,
628 1177 832 1219 industria
859 1180 914 1218 sit
924 1191 1091 1218 necesse
1108 1183 1192 1218 est.-
1219 1177 1463 1218 industriam
1489 1188 1588 1217 vero

246 1259 418 1298 scientia
447 1257 732 1309 consequitur.-
762 1269 816 1295 ea·
843 1258 1014 1296 scientia
1042 1258 1161 1309 copia
1181 1261 1221 1296 et
1229 1256 1421 1308 facultas
1438 1255 1594 1309 ingenii

243 1338 453 1383 nascitur5
483 1349 537 1375 ea·
566 1349 648 1388 qua
666 1335 879 1386 facultate
905 1348 1007 1376 vera
1037 1339 1081 1380 et
1092 1335 1246 1375 stabilis
1253 1335 1439 1387 felicitas
1456 1333 1589 1375 laudab

246 1417 388 1457 oritur.
447 1412 596 1467 Neque
642 1414 751 1453 enim
786 1417 941 1453 temere
985 1411 1159 1466 diligens
1203 1411 1382 1453 studium
1428 1413 1588 1453 virtutis

169 1493 222 1536 15
235 1497 405 1548 fructus
424 1494 630 1545 fortunae
648 1493 780 1543 fallit.
1490 1539 1497 1545 .

327 1572 437 1614 X1V.
466 1570 969 1613 POLYSYNTHETON.
1001 1570 1092 1612 Hoc
1106 1570 1269 1612 schema
1286 1570 1477 1622 efficitur,
1491 1559 1587 1611 cum

243 1654 467 1695 sententiae
495 1653 715 1692 multorum
746 1652 1011 1691 articulorum
1041 1653 1298 1691 convenienti
1325 1651 1470 1703 copula
1488 1664 1585 1691 con-

243 1734 441 1775 tinentur.
480 1731 684 1785 Pytheae:
713 1731 793 1771 Ille
820 1731 927 1772 hunc
950 1744 1062 1785 pone
1091 1732 1355 1772 constrictum
1383 1730 1586 1780 trahebat,

242 1813 306 1853 lzic
341 1817 479 1853 autem
516 1811 837 1861 vociferabatur.
900 1810 1132 1850 Concursus
1170 1824 1268 1850 vero
1307 1823 1391 1850 non
1429 1810 1583 1850 medio-

168 1899 223 1943 20
246 1894 338 1941 cris,
368 1904 461 1933 cum
488 1895 626 1931 tamen
655 1903 794 1931 omnes
825 1891 1023 1943 opitulari
1046 1890 1215 1938 vellent,
1258 1888 1335 1930 sed
1358 1901 1479 1929 nemo
1509 1902 1584 1929 au-

246 1971 374 2010 deret.
432 1969 578 2021 Neque
608 1971 715 2008 enim
743 1970 1013 2022 magistratus
1042 1968 1212 2015 aderat,
1240 1980 1318 2006 nec
1347 1969 1583 2020 circumspi-

248 2038 417 2097 cientes,
474 2060 552 2101 quo
585 2050 839 2100 potissimum
873 2047 1215 2100 confugeremus,
1253 2045 1557 2099 reperiebamus
1564 2060 1581 2094 ,-

247 2127 323 2167 sed
356 2139 439 2166 uno
477 2130 661 2179 tempore
697 2138 771 2166 nos
809 2130 848 2165 et
875 2138 1079 2178 praesens
1125 2130 1166 2165 et
1176 2124 1388 2176 'futurum
1426 2125 1582 2166 malum

238 2205 522 2259 perturbabat.
592 2205 707 2244 Nam
756 2218 959 2257 praesens
1006 2211 1164 2257 tempus
1212 2204 1444 2244 acerbitatis
1489 2210 1584 2244 erat

168 2290 223 2335 25
239 2286 424 2340 plenum,
453 2284 651 2338 reliquum
679 2297 776 2324 vero
806 2285 971 2324 timoris.
1031 2284 1132 2324 ltem
1163 2283 1372 2324 Dinarchi:
1415 2283 1579 2324 Partim

244 2367 380 2405 nostri
402 2364 596 2413 silebant,
627 2365 784 2416 partim
813 2369 951 2404 autem
978 2366 1183 2417 ingentem
1212 2365 1437 2404 clamorem
1467 2365 1578 2403 exci-

1420 2441 1575 2482 tabant.

263 2535 286 2569 9
328 2539 402 2568 tam
425 2533 595 2568 excelsum
618 2531 699 2565 bom·
716 2532 891 2577 gradum)
924 2533 1013 2574 boni,
1040 2543 1156 2574 novc3
1190 2530 1244 2565 sic
1266 2531 1317 2573 11,
1339 2531 1404 2566 19:
1437 2531 1576 2565 evidens

332 2591 454 2624 bonum
476 2589 533 2624 sui
555 2588 699 2623 consilii.

242 2657 287 2693 13
325 2657 480 2701 felicitas
503 2656 636 2701 laudis)
662 2655 825 2690 feliciter
847 2656 914 2690 ille
938 2656 1084 2692 laudem
1116 2655 1389 2701 (eloquentiae)
1420 2654 1574 2698 adeptus

331 2717 401 2754 cst,
425 2723 533 2756 quam
555 2724 699 2747 summo
722 2713 850 2748 labore
872 2716 910 2746 et
932 2712 1117 2747 industria
1139 2712 1354 2757 expetierat.

239 2782 285 2818 20
328 2789 406 2815 cum
428 2781 564 2823 tamen)
587 2785 703 2814 tamen
724 2781 849 2815 locum
871 2780 970 2815 huuc
993 2784 1258 2825 praeoccupat;
1291 2777 1457 2824 proprie=
1489 2788 1572 2814 cum

329 2848 455 2873 omnes
478 2834 655 2880 opitulari
678 2837 830 2878 vellent,
855 2837 919 2871 scd
942 2846 1049 2871 nemo
1073 2839 1196 2871 tamen
1218 2834 1381 2870 auderet.
