1793 3207
858 226 934 255 xlv

230 361 489 411 confidentis
524 373 617 404 esse
651 357 765 402 mihi
800 358 994 404 hominis
1024 356 1293 416 videbatur,
1340 361 1458 406 duos
1486 375 1569 405 au-

229 451 318 488 tem
348 439 555 484 emittere
589 438 755 494 libroS‚
795 435 1162 484 adolescentibus
1196 437 1416 497 alterum,
1453 441 1569 485 alte-

225 536 325 565 rum
350 519 460 565 viris
493 517 683 563 eruditis
715 527 968 575 sacratum,
1013 531 1233 578 magnum
1266 517 1313 561 in
1345 533 1397 562 re
1428 534 1572 579 parva

223 599 439 646 molimen
452 634 465 656 ‚
510 598 710 658 pretium
744 598 942 657 denique
973 596 1123 642 libelli
1136 631 1149 655 ,
1197 596 1306 642 licet
1341 611 1395 641 ea
1429 613 1571 645 anno-

223 680 396 726 tatione
430 683 697 739 augeretur,
740 677 786 722 in
820 678 910 723 hac
943 682 1095 722 tamen
1130 677 1421 738 pagellarum
1453 691 1571 737 pau-

226 761 365 807 citate
400 767 495 805 tam
530 758 767 819 exiguum,
812 764 865 802 ut
898 758 944 802 in
979 772 1118 805 annos
1157 759 1439 818 complures,
1486 773 1573 819 per

226 855 342 901 quos
386 839 465 885 hic
503 837 621 882 liber
668 838 934 884 tractandus
978 844 1119 896 esset,
1168 838 1442 899 dispositum
1484 853 1574 885 non

193 949 205 962 .
224 920 377 977 inique
404 918 639 963 videretur
675 919 868 979 erogari.
940 918 1020 964 Sin
1054 924 1207 963 autem
1241 925 1312 963 tot
1344 919 1415 964 sui
1449 935 1574 964 ama-

225 1005 347 1043 tores
380 997 588 1043 Rutilius
629 1004 844 1043 nacturus
878 998 961 1055 sit,
1014 1003 1129 1057 quot
1160 1012 1262 1042 mea
1295 998 1390 1043 eius
1426 999 1574 1043 admi-

226 1077 345 1122 ratio
380 1077 423 1121 ei
455 1076 725 1136 promittere
758 1078 897 1133 solet,
942 1076 1059 1121 nihil
1094 1076 1317 1133 obstabit,
1357 1077 1467 1135 quin
1501 1092 1574 1122 se-

227 1158 323 1202 mel
367 1161 597 1202 correctus
639 1138 714 1200 vel
748 1156 942 1201 aliorum
976 1155 1227 1218 sagacitate
1257 1156 1403 1217 magis
1438 1157 1576 1202 etiam

224 1237 400 1296 politus
436 1242 483 1280 et
516 1235 689 1292 factus,
739 1242 977 1294 praeterea
1018 1235 1146 1281 novis
1189 1236 1381 1281 fortasse
1414 1237 1576 1298 figuris

226 1321 272 1359 et
308 1314 472 1359 effictis
508 1314 568 1357 ad
604 1329 744 1374 supra
790 1315 1082 1374 propositum
1124 1315 1315 1359 modum
1356 1316 1576 1375 exemplis

226 1401 407 1449 auctus,
454 1392 634 1452 abiecta
676 1393 758 1437 illa
791 1394 921 1437 velut
955 1394 1163 1438 officinae
1197 1394 1381 1438 criticae
1415 1396 1574 1453 supel—

223 1473 382 1519 lectile
413 1472 624 1519 mundior
657 1472 867 1533 prodeat.
937 1473 1125 1519 Interim
1159 1479 1213 1518 ut
1242 1472 1361 1520 haec
1393 1489 1496 1519 mea
1529 1475 1576 1520 in

229 1568 282 1597 eo
335 1559 603 1613 consumpta
652 1553 877 1598 industria
930 1553 1377 1598 adolescentulorum
1421 1554 1575 1599 studia

227 1632 439 1679 incendat
473 1638 520 1678 et
555 1633 662 1691 alat,
696 1632 994 1678 vehementer
1029 1638 1207 1694 exopto.

746 1862 1059 1883 ww

1775 521 1783 667 Μ
