1793 3207
319 210 807 256 Amnmnsmrms
832 212 1083 251 camma.
1106 201 1150 251 1..
1175 213 1227 257 11,
1238 211 1360 250 1516.
1451 204 1517 256 ⁵1

149 330 426 381 intendimus,
463 343 566 384 quae
601 336 775 386 propter
811 331 1115 373 similitudinem
1155 331 1465 372 benevolentiae
1491 344 1516 371 a

158 400 329 441 librario
365 400 471 441 male
510 400 657 442 omissa
692 405 771 442 est.
830 400 1011 443 Videtur
1050 403 1185 442 autem
1214 413 1266 441 eo
1295 400 1514 451 verior4ea

156 481 247 518 vox,
277 469 371 522 quia
398 469 705 512 alliterationem
742 470 925 512 studiose
963 471 1091 511 ambit
1127 469 1329 519 Rutilius;
1367 469 1511 522 itaque

154 537 330 590 praetuli
359 538 462 587 aliis,
492 539 617 579 veluti
644 538 908 579 incendimus.
950 540 1200 592 Quamquam
1230 538 1510 590 periculosam

155 618 245 646 esse
275 607 394 647 etiam
430 607 540 647 illam
577 609 876 648 correctionem
911 620 994 648 non
1022 608 1182 661 ignoro.
1212 611 1399 647 ceterum
1428 618 1508 659 pro

109 678 115 680 ”
155 675 372 727 extemplo,
401 676 596 728 extimplo
626 676 671 715 L.
703 677 890 728 exemplo
920 676 948 714 1.
978 676 1027 715 Ε.
1062 674 1110 715 V.
1140 676 1188 715 A.

261 742 371 784 XVI.
402 743 658 784 Antitheton.
681 743 873 797 pluribus
901 743 1053 794 modis)
1087 744 1148 798 pl.
1178 742 1360 783 moribus
1399 741 1444 782 L.
1475 742 1502 782 1.

152 809 205 851 V.
233 831 289 839 --
324 810 453 850 Hunc
483 825 622 851 omnes
649 835 706 842 -—-
741 812 1056 865 conquirebant)
1098 812 1221 852 verba
1259 810 1396 850 media
1426 822 1502 862 ego

150 879 392 930 interposui.
450 878 552 918 Nam
587 878 792 931 vquaedum
833 880 1033 920 excidisse
1070 882 1270 919 monstrat
1299 879 1408 918 alter
1437 879 1502 918 al-

150 946 234 983 teri
257 945 491 995 oppositus,
529 946 679 985 deinde
716 946 834 985 hunus
862 967 918 975 --
946 948 1065 986 illius.
1125 947 1251 999 igitur
1279 947 1347 985 hic
1376 946 1502 985 libra-

147 1010 234 1051 rius
262 1011 373 1051 haud
402 1011 537 1052 dubie·
554 1025 576 1052 a
605 1013 779 1062 nomine,
810 1025 949 1052 omnes
975 1013 1026 1052 ad
1057 1026 1195 1053 omnes
1225 1014 1407 1064 proxime
1436 1014 1500 1053 in-

150 1091 325 1130 sequens
355 1080 547 1118 aberrans
576 1092 624 1118 ea
653 1080 785 1119 omnia
815 1079 971 1129 omisit,
1009 1093 1114 1131 quae
1153 1080 1204 1118 ad
1233 1080 1338 1119 hunc
1368 1080 1500 1132 perti-

148 1146 308 1195 nebant,
339 1150 383 1187 et
412 1160 460 1187 ea
488 1149 641 1187 tantum
671 1147 850 1200 scripsit,
880 1160 983 1200 quae
1012 1149 1054 1187 in
1082 1147 1152 1187 illo
1184 1150 1303 1187 erant
1321 1159 1500 1187 comme-

147 1214 352 1253 moranda.
412 1214 549 1256 Verba
578 1216 685 1268 ipsa,
746 1230 848 1268 quae
878 1216 1097 1269 adscripsi,
1137 1228 1257 1267 quam
1286 1228 1419 1267 prope
1448 1215 1500 1254 ad

147 1280 288 1321 Rutilii
317 1295 478 1323 manum
507 1283 720 1333 accedant,
759 1295 839 1323 non
877 1283 1170 1336 praestiterim.
1228 1282 1270 1321 S.
1309 1282 1498 1334 supplet:

146 1347 274 1388 Hunc
304 1363 442 1389 omnes
472 1351 788 1403 conquirebant,
817 1352 932 1390 illum
959 1350 1163 1397 vitabant,
1192 1363 1245 1388 ne
1273 1355 1353 1388 etc.
1412 1349 1498 1388 Ubi

147 1417 438 1469 conquirebant
476 1418 583 1458 Izunc
622 1422 766 1470 aperte
803 1418 950 1458 falsum
980 1421 1055 1458 est.
1112 1417 1258 1469 Neque
1287 1419 1421 1456 tamen
1452 1415 1497 1455 id

146 1484 237 1524 iure
265 1486 469 1537 exagitans
500 1485 767 1526 Ruhnkenius
796 1487 930 1526 verius
959 1486 1143 1525 coniicit:
1180 1485 1245 1524 At
1271 1484 1379 1524 hunc
1410 1497 1497 1524 om-

145 1564 218 1591 nes
246 1552 570 1601 concurrebant,
606 1566 660 1592 ne
689 1552 739 1592 ab
770 1566 817 1593 eo
850 1553 891 1605 [i.
921 1566 957 1592 e.
987 1553 1037 1592 ab
1066 1552 1213 1604 altero]
1243 1551 1494 1591 viderentur.

145 1618 247 1658 Nam
277 1624 321 1659 et
350 1621 549 1660 sententia
579 1620 731 1667 obstat,
762 1623 804 1660 et
834 1633 929 1660 usus
959 1620 1254 1673 pronominum.

262 1686 376 1727 Tunc
395 1688 550 1739 facile)
579 1693 667 1727 tum
696 1688 738 1739 f.
779 1687 828 1727 R.
867 1712 922 1718 —
968 1688 1142 1741 benigne
1170 1686 1389 1738 fecissem)
1426 1686 1496 1726 be—

144 1755 269 1806 nigne
306 1766 384 1794 om.
424 1755 474 1793 R.
511 1755 620 1794 unde
656 1755 757 1794 bene
794 1754 906 1794 addit
934 1754 976 1794 S.
1013 1778 1069 1784 —
1134 1754 1248 1793 Tunc
1278 1767 1355 1806 ego
1384 1754 1493 1805 ipse)

144 1822 231 1873 ipse
260 1833 338 1860 om.
369 1822 397 1860 l.
426 1843 483 1851 —
508 1834 643 1875 genus
670 1822 824 1873 huius.)
854 1821 934 1861 Est
961 1823 1085 1861 etiam
1111 1834 1244 1874 genus
1264 1819 1499 1860 huiusmodi

144 1890 252 1929 coni.
283 1889 336 1937 S„
368 1889 491 1941 idque
520 1890 653 1942 placet
681 1889 947 1936 Ruhnkeni03
990 1902 1071 1928 non
1098 1892 1237 1936 recte3
1283 1901 1372 1927 nam
1413 1900 1495 1927 non

144 1968 291 1995 novum
321 1956 513 1995 antitheti
542 1969 669 2008 genus
699 1957 766 1996 hic
795 1956 1028 2008 apponitur,
1059 1956 1131 1996 sed
1161 1959 1224 1994 est
1251 1955 1352 1994 haee
1371 1967 1495 2006 gene-

144 2024 202 2062 ris
230 2023 413 2074 proxime
442 2024 728 2076 praecedentis
758 2036 863 2063 nova
892 2024 1064 2076 specieS,
1111 2023 1312 2076 siquidem
1344 2023 1386 2061 in
1416 2035 1495 2061 una

144 2101 318 2142 persona
347 2095 566 2143 utrumque
597 2104 723 2143 genus
752 2095 950 2130 versatur.
979 2113 1036 2121 ——-
1058 2092 1199 2142 priori
1223 2089 1345 2129 verbo
1375 2089 1495 2141 [con-

144 2158 319 2196 trarium
348 2156 459 2209 quod
486 2158 566 2209 est]
595 2159 750 2209 inferri
784 2163 826 2199 et
865 2159 1064 2209 coniungi
1085 2155 1209 2209 solet)
1240 2157 1495 2196 contrarium

143 2223 256 2277 quod
281 2228 344 2262 est
369 2224 481 2262 uncis·
510 2225 669 2274 inclusi,
699 2230 888 2276 tanquam
917 2225 1115 2277 glossema
1143 2223 1364 2276 inferendi,
1385 2224 1495 2275 quod

144 2292 295 2342 ubique
332 2294 396 2329 est
424 2291 530 2341 apud
556 2290 751 2331 Rutilium
783 2304 991 2343 opponere
1029 2291 1071 2328 in
1109 2290 1321 2329 antitheto.
1379 2290 1492 2329 ldem

143 2357 235 2398 fere
274 2356 451 2395 sensisse
488 2358 650 2395 videtur
681 2356 731 2395 V.
764 2354 813 2395 D.
850 2358 893 2396 in
929 2369 1054 2407 marg.
1092 2355 1165 2405 R„
1224 2357 1291 2407 qui
1331 2357 1492 2395 scribit:

144 2438 224 2479 quo
252 2426 294 2463 in
323 2423 467 2462 eadem
494 2424 695 2462 sententia
726 2424 868 2475 priori
900 2422 1023 2462 verbo
1063 2424 1316 2462 contrarium
1340 2422 1498 2472 afferri

146 2498 190 2533 et
215 2493 412 2543 coniungi
433 2490 550 2530 solet.
608 2489 773 2531 Diutius
802 2489 923 2529 haesi
946 2490 990 2528 in
1017 2489 1261 2541 corrigendo
1290 2489 1491 2529 infinitivo

146 2560 307 2612 inferri.
338 2571 428 2598 nam
457 2557 619 2601 codices
647 2556 800 2595 habent
827 2555 971 2607 insert,
1000 2555 1107 2607 quod
1122 2555 1332 2607 putabam,
1363 2568 1491 2607 quan-

146 2626 293 2668 tumvis
320 2627 501 2672 miratus,
530 2624 783 2664 intransitive
810 2637 834 2663 a
862 2620 1154 2675 Rutilio'poni.
1211 2621 1279 2666 Sic
1308 2624 1419 2664 enim
1447 2624 1491 2663 in

148 2696 335 2750 exemplo
372 2693 577 2747 proximo:
616 2691 748 2732 Aliud
773 2696 844 2731 'est
875 2693 998 2739 item,
1036 2689 1147 2744 qaod
1167 2693 1392 2750 »superiori
1414 2693 1491 2731 in-

141 2764 269 2817 fert.
328 2763 410 2803 Sed
440 2774 564 2814 quum
593 2760 687 2800 alibi
714 2758 984 2811 personaliter
1013 2762 1054 2798 et
1084 2759 1290 2802 transitive
1320 2761 1491 2811 legatur,

1516 2591 1565 2619 β
