1793 3207
821 194 888 244 25

1032 300 1052 324 Ο

170 340 343 397 publica
363 340 553 395 periculo
582 347 655 384 est.
711 342 794 386 Vos
827 346 934 386 enim
960 342 1188 397 defendere
1214 335 1437 396 defecistis,
1467 345 1527 382 te-

173 433 287 463 mere
324 421 506 463 omnibus
541 422 769 474 credendo,
825 427 871 464 et
903 436 1079 477 quorum
1115 424 1383 478 ιξηαυίεεὴηα
1425 424 1527 463 sunt

175 500 357 552 consilia,
387 515 531 544 eorum
558 504 784 545 sententias
810 502 1046 545 utilissimas
1074 502 1363 545 esistnnando.
1417 502 1524 544 Item

174 580 372 637 Lycurgi:
403 581 490 623 Sed
514 595 601 632 vos,
628 582 798 632 andae‘ces,
826 594 901 623 vos
928 582 1007 623 hoc
1025 583 1181 635 facere
1199 581 1365 623 debetis.
1408 580 1524 622 Nam

175 672 268 704 cum
301 663 346 703 in
383 664 593 703 sententiis
619 662 818 715 ferundis
852 661 1092 704 nocentibus
1128 662 1298 703 remisse
1333 662 1523 715 parcius,
1546 660 1574 703 5

174 753 247 783 vos
274 741 557 796 improborum
584 741 765 783 studium
793 741 852 783 ad
868 741 1132 797 peccandum
1164 741 1367 782 excitatas.

284 819 396 861 XIX.
426 820 780 862 AETIOLOGIA.
840 822 931 862 Hoc
959 823 1125 863 schema
1153 820 1340 862 efficitur
1367 820 1528 860 ratione

176 899 292 939 brevi
320 901 363 938 et
390 898 659 948 sententiosa,
687 899 745 939 ita
772 903 840 950 ut,
868 899 979 952 quod
1007 899 1176 941 dubium
1203 904 1268 941 est
1295 900 1447 951 visum,
1475 898 1529 940 ad

177 979 330 1019 certam
357 976 485 1018 fidem
513 976 660 1017 adduci
688 977 890 1017 videatur.
906 977 929 1004 *
993 978 1116 1029 Quod
1143 978 1267 1027 vobis,
1295 979 1528 1020 Athenien-

177 1068 257 1105 ses,
286 1057 329 1097 in
356 1055 570 1097 suadendo
600 1057 893 1103 assentiuntur,
920 1068 994 1095 vos
1013 1055 1176 1107 saltere
1196 1062 1384 1109 possunt.
1412 1057 1531 1098 Nam
1553 1054 1608 1098 10

126 1171 131 1174 ,
178 1133 332 1176 dt‘ctum
361 1135 420 1175 ad
444 1135 698 1176 voluntatem
726 1134 927 1175 auditoris
957 1132 1155 1175 obscurat
1173 1136 1389 1176 veritatem
1405 1148 1532 1189 quae—

178 1215 312 1255 stione
347 1214 546 1269 utilitatis.
615 1213 702 1256 Sed
736 1214 788 1256 ab
826 1216 896 1264 iis,
934 1216 1009 1268 qui
1038 1214 1236 1265 suadent,
1275 1214 1390 1268 quod
1421 1214 1533 1256 vobis

178 1306 265 1336 non
290 1293 516 1338 iuctmdum
545 1297 620 1343 est,
649 1293 788 1349 decipi
809 1307 895 1335 non
914 1295 1102 1348 potestas.
1159 1293 1262 1334 Non
1300 1295 1407 1334 enim
1435 1306 1531 1334 sen-

173 1375 330 1414 tentias
356 1378 516 1414 vestras
543 1374 685 1414 valent
709 1378 980 1423 commutare,
1017 1375 1102 1414 nesi
1122 1373 1235 1414 vobts
1263 1373 1427 1414 evidens
1456 1373 1529 1414 bo-

179 1466 279 1493 num
306 1454 375 1493 sui
399 1453 562 1494 consilii
576 1452 871 1507 patefecerint.
928 1450 1032 1493 Item
1060 1451 1267 1494 eiusdem:
1295 1452 1395 1494 Etsi
1408 1465 1527 1494 acer-
1553 1448 1606 1493 15

176 1528 275 1573 'bum
288 1532 400 1573 vobis
414 1532 526 1586 quod
541 1532 727 1574 dicturus
742 1546 834 1573 sam
851 1531 1066 1581 videbitur,
1085 1536 1225 1572 tamen
1241 1545 1373 1586 aequo
1389 1534 1527 1573 animo

182 1610 431 1652 audiendum
459 1616 533 1652 est.
590 1611 706 1664 Nam
724 1611 827 1664 sere
853 1624 997 1652 verum
1018 1611 1243 1660 consilium,
1278 1611 1391 1665 quod
1414 1613 1527 1652 initio

147 1729 150 1732 .
183 1691 327 1731 auditu
338 1704 471 1745 grave
487 1696 561 1740 est,
578 1693 844 1744 inposterum
858 1693 1024 1745 cognita
1037 1691 1211 1731 utilitate
1222 1692 1284 1745 fit
1294 1691 1526 1732 iucundum.

294 1769 385 1810 XX.
414 1769 590 1812 TAxls.
637 1771 727 1811 Hoc
755 1771 818 1819 fit,
846 1783 937 1810 cum
967 1782 1229 1823 unaquaeque
1259 1783 1329 1811 res
1354 1771 1529 1810 novissi-

181 1860 342 1889 morum
371 1849 586 1890 verborum
615 1850 812 1890 sententia
840 1849 950 1890 clare
978 1849 1254 1903 distinguitur.
1290 1849 1530 1891 Stratoclis:
1552 1845 1609 1888 20

184 1925 299 1967 Nam
327 1927 585 1969 vehementer
613 1942 756 1969 eorum
784 1930 890 1969 vitiis
917 1929 1054 1969 invehi
1076 1941 1161 1969 non
1183 1927 1342 1978 licebat,
1356 1931 1534 1969 reticere

186 2007 350 2047 omnino
378 2020 464 2048 non
492 2007 745 2062 expediebat,
773 2010 995 2063 suspiciose
1024 2009 1138 2063 loqui
1156 2009 1415 2062 potissimum
1436 2009 1533 2064 pla-

178 2071 315 2125 cebat.
384 2086 602 2128 Dinarchi:
643 2088 790 2141 Itaque
825 2093 874 2128 ut
890 2088 1130 2140 familiares
1164 2087 1426 2137 videbantur,
1464 2089 1536 2129 hos

184 2164 481 2209 necessitudine
510 2166 745 2220 opitulandi
763 2167 1010 2219 adstrinxit,
1048 2168 1202 2221 hosque
1228 2169 1392 2221 ignotos
1419 2169 1537 2209 inccta

186 2242 482 2285 benivolentiae
509 2259 640 2286 causa
667 2247 809 2287 illexit.
1560 2245 1616 2287 25

209 2357 233 2391 1
278 2357 467 2401 defendere
489 2357 702 2401 defecistis,)
725 2356 752 2391 i.
775 2368 807 2391 e.
833 2356 1024 2392 defecistis
1047 2357 1086 2391 in
1110 2356 1255 2402 patriae
1278 2358 1503 2393 defensione.

187 2413 233 2448 ll
279 2413 409 2448 dictum
432 2413 482 2447 ad
501 2412 738 2455 voluntatem)
762 2411 937 2455 alicuius,
959 2416 1019 2448 est
1041 2413 1257 2449 assentatio.

187 2470 234 2507 17
270 2470 387 2514 sere.)
399 2471 584 2513 notafere.
616 2467 714 2503 Nam
727 2472 785 2502 est
803 2469 951 2513 quidem
969 2469 1045 2511 hic,
1069 2473 1111 2504 ut
1133 2469 1283 2514 ubique,
1307 2470 1539 2514 plerumque,

278 2525 304 2560 i.
317 2537 349 2560 e.
362 2537 406 2560 ex
418 2525 561 2571 regula.
593 2523 666 2559 Sed
674 2534 763 2566 'raro
775 2523 855 2558 sine
865 2524 1050 2559 adiectivo
1061 2524 1226 2569 ponitur,
1248 2527 1315 2560 aut
1336 2527 1415 2559 tam
1426 2525 1540 2572 longe

278 2593 301 2618 a
311 2592 379 2617 suo
392 2582 507 2616 verbo
521 2579 757 2622 distrahitur,
771 2584 814 2614 ut
824 2579 909 2622 hic3
923 2581 1085 2625 pertinet
1095 2580 1194 2615 enim
1203 2581 1261 2623 ad,
1271 2581 1322 2625 fit
1335 2581 1538 2616 iucundum.

189 2640 236 2678 22
278 2639 371 2674 vitiis
387 2637 522 2682 invehi)
545 2639 673 2672 contra
683 2646 812 2678 usum;
835 2646 921 2671 nam
932 2635 1089 2670 dicimus
1102 2635 1252 2681 proprie
1266 2635 1417 2682 quidem
1427 2637 1540 2674 etium

280 2694 395 2731 invehi
415 2694 522 2730 alicui
528 2706 543 2737 ‚·
567 2692 632 2729 sed
654 2691 906 2737 metaphorice
932 2703 1077 2737 semper
1098 2692 1217 2727 invehi
1235 2693 1274 2728 in
1296 2694 1458 2740 aliquem.

1196 2852 1269 2891 (4)
