1793 3207
253 211 322 261 5⁰
407 213 899 266 Ammnvuusiomzs
924 215 1179 256 onmem.
1203 218 1246 256 ι..
1258 218 1310 263 11,
1331 218 1491 257 is-u..

258 337 393 385 tandi)
431 334 613 374 fortasse
662 332 943 387 dasceptandaz·
1000 335 1045 375 id
1096 335 1207 376 enim
1243 336 1416 378 verbum
1434 337 1622 390 *proprie

257 405 383 448 armis
413 402 655 456 opponitur.

365 470 476 513 xm.
513 470 828 525 Omoeoptoton.
866 484 962 512 cum
993 476 1165 526 praesto
1196 473 1278 523 est)
1316 476 1387 514 cm·
1420 474 1470 514 R.
1508 473 1623 528 quod

252 542 418 594 recepit
448 539 526 580 Rk.
563 553 639 593 ego
675 544 913 594 ceterorum
950 541 1065 581 librr.
1096 542 1383 583 auctoritatem
1413 542 1619 595 praefero.

252 633 310 641 —
340 609 644 660 assentiuntur)
675 614 941 651 assentaretur
971 610 1079 650 coni.
1110 609 1187 650 Rk.
1229 610 1290 650 Ac
1319 610 1411 651 iure
1440 612 1621 663 quidem,

254 683 302 721 ut
329 692 436 721 nunc
465 678 567 718 mihi
605 678 788 726 videtur3
827 682 871 717 et
909 683 1000 718 erat
1039 692 1087 718 ea
1126 678 1331 718 correctio
1369 678 1621 731 recipienda.

256 747 469 797 obstabat,
498 758 581 799 quo
611 747 745 786 minus
776 746 1007 799 reciperem
1038 745 1096 795 11,
1136 746 1225 787 19.=
1271 746 1395 798 Quod
1428 746 1540 788 vobis
1577 748 1621 788 in

255 816 472 857 suadendo
503 817 892 863 assentiuntur,
923 828 996 855 vos
1015 815 1177 867 fallere
1200 821 1390 869 possunt.
1421 840 1477 846 ——
1521 830 1620 857 cou-

255 885 500 934 tristaverat)
530 887 680 923 contra
697 884 875 933 flaverit
900 884 1006 923 coni.
1038 882 1117 923 Rk.

366 951 477 993 XIV.
514 951 869 991 Omoeoteleuton.
921 951 1177 1003 Polyptoton
1214 951 1283 991 hio
1318 956 1511 1005 apparet;
1540 953 1618 992 ho-

253 1019 558 1061 moeoteleuton
588 1032 670 1060 non
698 1020 814 1060 item.
846 1018 972 1060 Gesn.
1013 1018 1096 1060 Sed
1125 1033 1175 1060 ex
1204 1018 1444 1060 definitione
1473 1019 1618 1060 Rutilii

254 1090 387 1129 omnia
415 1092 535 1129 recte
563 1088 730 1127 habent.

267 1204 270 1206 ‚
368 1156 463 1197 XV.
503 1157 709 1197 Isocolon.
769 1155 867 1196 Hoc
906 1161 979 1196 aut
1017 1154 1203 1209 duobus)
1243 1160 1380 1196 autem
1419 1156 1467 1196 0.
1506 1168 1616 1196 corr.

253 1226 333 1266 Rk.
365 1248 421 1254 —
451 1225 654 1278 exigitur)
684 1227 799 1265 recte
827 1225 1004 1277 explicat
1035 1225 1181 1266 Gesn.:
1212 1225 1487 1274 examinatur,
1517 1225 1545 1264 i.
1577 1238 1613 1265 e.

252 1294 399 1333 librato
428 1294 615 1344 pondere
646 1295 911 1344 exaequatur-3
952 1293 1062 1344 quod
1101 1292 1261 1345 pondus
1298 1293 1365 1332 hic
1403 1293 1452 1332 ad
1490 1304 1617 1344 aequa

252 1359 341 1402 cola
371 1359 577 1409 refertur-3
617 1364 751 1399 tamen
790 1360 895 1399 coni.
936 1361 1120 1413 efficitur
1149 1359 1226 1399 Rk.
1268 1383 1323 1389 —
1381 1360 1481 1399 mihi
1504 1359 1616 1399 dives

253 1430 335 1480 est)
365 1428 475 1468 dz'ves
506 1441 585 1467 om.
618 1428 667 1466 0.
699 1427 859 1466 addidit
896 1426 948 1466 R.
976 1440 1064 1480 par
1104 1428 1153 1466 Ε.
1193 1427 1373 1480 praebet.
1401 1450 1459 1457 -—
1498 1427 1615 1467 Item.

253 1496 473 1547 Seorsum)
511 1496 615 1536 Item
654 1508 732 1535 om.
766 1495 814 1535 Ο.
853 1496 1014 1536 addidit
1045 1494 1121 1535 Rk.
1182 1494 1379 1536 Seorsum
1408 1509 1458 1536 an
1488 1496 1615 1536 latine

252 1566 414 1605 dicatur
444 1577 533 1617 pro,
566 1563 682 1603 aliud
710 1568 781 1612 est,
814 1564 973 1603 dubitat
1004 1564 1080 1603 Rk.
1142 1563 1205 1603 Ob
1236 1564 1409 1604 similem
1451 1564 1614 1604 dubita-

251 1635 405 1672 tionem
434 1631 487 1671 V.
517 1632 565 1671 D.
598 1617 648 1670 in⁸
669 1644 795 1682 marg.
827 1631 876 1670 R.
918 1633 1023 1671 coni.
1054 1631 1259 1671 debersum
1290 1636 1364 1671 est.
1423 1630 1513 1684 Ego
1544 1633 1613 1684 qui

251 1701 442 1742 similiter
471 1699 633 1738 locutus
663 1699 727 1747 sit,
758 1699 919 1738 invenio
951 1700 1178 1746 neminem3
1208 1699 1279 1739 sed
1301 1712 1423 1751 posse
1441 1701 1499 1739 ita
1520 1699 1611 1746 dici,

250 1769 420 1808 dubium
452 1780 532 1806 non
563 1770 645 1813 est3
687 1769 729 1804 et
768 1773 863 1805 sunt
893 1767 968 1805 alia
998 1766 1142 1805 Rutilii
1180 1768 1363 1818 propria.
1422 1767 1612 1807 Proxime

249 1835 406 1876 accedit
427 1835 683 1881 Plautinum,
715 1847 902 1873 seorsum
931 1836 1074 1873 sentio.
1106 1858 1162 1865 —-
1191 1834 1405 1885 iniuriam)
1435 1839 1476 1874 et
1504 1834 1611 1874 z'm‘u-

248 1906 355 1944 re'am
384 1903 426 1942 S.
459 1903 752 1954 —teoetemplo
783 1902 1095 1942 benivolentiam
1127 1902 1407 1955 [intendimus]
1416 1903 1439 1952 )
1477 1904 1610 1942 inten-

250 1971 380 2010 dimus
412 1984 491 2009 om.
523 1970 572 2008 0.
607 1970 759 2009 Deesse
790 1970 961 2009 verbum
993 1969 1034 2008 S.
1069 1970 1183 2018 vidit,
1212 1974 1255 2008 et
1284 1971 1441 2009 addidit
1471 1970 1609 2022 acqui-

248 2040 389 2078 rimus.
419 2036 499 2075 Rk.
529 2037 690 2088 placet,
730 2036 991 2090 adiungimus
1001 2051 1017 2084 ;
1055 2037 1244 2090 exemplo
1285 2050 1382 2076 usus
1414 2035 1499 2077 cic.
1531 2050 1608 2090 pro

246 2106 412 2146 Muren.
452 2104 521 2142 2⁰.
590 2104 672 2143 Sed
712 2105 796 2142 illie
834 2106 883 2143 ad
930 2104 1198 2143 offensionem
1238 2104 1399 2144 vitatam
1437 2109 1608 2157 praetor

246 2173 439 2226 adiungit
464 2170 797 2210 benivolentiam.
858 2170 937 2209 Hic
966 2171 1239 2212 benivolentia
1279 2177 1345 2213 est
1382 2178 1476 2213 ante
1506 2173 1607 2213 vita-

245 2247 334 2280 tum
364 2241 516 2279 odium.
578 2238 703 2291 quue
733 2240 905 2278 vitatum
936 2239 1074 2278 odium
1105 2240 1217 2279 lente
1246 2240 1466 2289 inducitur,
1491 2241 1607 2292 quasi

243 2309 455 2348 minimum
486 2309 688 2359 pretinm:
719 2307 927 2347 duntaxat
958 2306 1093 2347 odium
1115 2309 1300 2358 vitamus,
1323 2310 1443 2360 eique
1462 2321 1605 2361 magna

245 2390 337 2416 cum
368 2375 490 2415 laude
515 2376 738 2426 opponitur
763 2375 963 2414 beneficio
991 2379 1127 2427 parata
1144 2377 1436 2423 benivolentia3
1463 2376 1604 2427 itaque

242 2448 287 2483 ut
301 2445 413 2483 lente
430 2446 543 2489 ante,
561 2441 785 2480 dumtaxat
798 2466 853 2471 -—
865 2444 1051 2492 vitamus,
1082 2444 1139 2482 ita
1160 2456 1268 2482 nunc
1287 2443 1514 2483 celerrimis
1529 2455 1603 2495 pe-

242 2511 372 2560 dibus,
404 2509 624 2562 extemplo,
655 2509 721 2559 ait,
751 2508 1035 2550 benivolentia.
1088 2511 1190 2550 Erat
1218 2511 1345 2563 igitur
1374 2522 1436 2550 ex·
1452 2510 1602 2551 Rutilii

240 2591 356 2617 more
384 2578 554 2618 verbum
584 2578 887 2630 quaerendum,
917 2578 1027 2630 quod
1057 2582 1101 2618 et
1129 2578 1291 2619 incessu
1321 2582 1366 2618 et
1394 2578 1619 2619 sententia*

237 2657 426 2698 magnum
455 2645 498 2685 in
527 2657 574 2685 se
603 2645 777 2685 haberet
806 2647 1012 2698 vigorem3
1051 2646 1095 2685 id
1135 2646 1244 2696 quod
1281 2658 1418 2699 neque
1453 2646 1497 2685 iu
1534 2645 1599 2685 in-

236 2715 403 2754 ventum
432 2712 633 2766 Stephani
662 2715 912 2767 acquirimus
948 2712 1074 2762 cadit,
1111 2725 1245 2766 neque
1281 2714 1324 2755 in
1362 2712 1596 2754 Ruhnkenii

238 2781 528 2835 adzungz‘rraeu35
565 2781 675 2822 cadit
713 2786 848 2824 autem
888 2783 930 2822 iu
959 2793 1124 2830 vocem,
1164 2794 1285 2833 quam
1313 2792 1392 2835 ego
1420 2782 1592 2833 apposui
