1793 3207
313 209 802 262 mmmvsssiolsss
827 209 1079 248 camum.
1111 208 1155 245 1..
1178 207 1238 250 11,
1260 206 1294 242 c.
1307 205 1341 241 τ.
1428 198 1500 246 ’45

254 327 466 385 accidere)
494 329 694 370 accedere
722 329 773 371 0.
795 341 924 370 corr.
965 328 1141 369 Gesner.
1177 329 1399 380 praetem
1424 334 1501 378 ge-

144 398 262 441 m'bus
291 411 369 454 pro
396 397 508 441 vobis
536 398 683 440 suadet
711 398 789 440 Rk.
819 421 878 430 —-
905 402 950 439 et
973 396 1218 451 matr-essum
1221 395 1255 448 )
1286 400 1329 436 et
1345 406 1428 436 om.
1438 391 1501 435 0.

143 469 304 510 addidit
331 468 373 509 S.
403 492 459 500 -
483 474 683 523 parentes
710 469 891 519 vestros)
929 468 988 508 sic
1016 466 1093 518 R.;
1132 466 1284 514 ceteri,
1306 452 1495 505 nostras.

144 560 202 568 --
231 537 449 579 obsecrare
470 551 552 592 pro
581 538 734 590 sacris)
758 549 842 591 pro
880 536 931 577 0.
971 548 1073 587 om„
1111 539 1276 590 praeter
1305 533 1353 573 A.
1383 533 1500 574 addit

143 608 267 648 etiam
296 606 338 648 S.
368 629 425 639 —-·
453 608 575 660 agat)
606 608 698 660 agit
723 606 774 646 Ο.
805 610 955 660 ageret
980 609 1023 645 et
1051 605 1202 645 deinde
1232 605 1375 643 essetis
1403 603 1498 644 hab.

144 675 186 716 S.
212 676 366 716 retinet
395 676 485 728 agit
509 675 589 715 Rk.
639 674 722 715 Sed
752 674 984 727 exemplum
1013 673 1154 713 fictum
1183 671 1499 720 coni-unctivum,

144 746 364 795 insequens
392 743 581 781 futurum
609 742 906 781 coniunctivum
944 740 1142 794 temporis
1171 740 1399 793 praesentis
1427 739 1501 778 fla·

144 813 267 866 giam
295 810 421 863 igitur
449 809 611 850 correxi
640 814 754 862 agat.

256 876 846 917 V11.0karacter2·.⁴smos.aut
873 874 990 930 vitia)
1020 881 1094 916 aut
1121 878 1225 916 vitas
1257 875 1307 915 Ο.
1338 887 1501 916 cortex.

146 944 316 986 Casaub.
345 944 395 984 ad
427 943 641 996 Theophr.
669 965 727 974 -—
753 942 955 996 Lyconis)
985 945 1044 983 sic
1071 944 1135 993 A„
1164 944 1296 984 ceteri
1324 943 1499 997 Izycom'.

145 1036 203 1043 --
225 1011 440 1066 producit)
475 1010 676 1064 produxit
705 1011 747 1051 S.
789 1032 847 1040 —
885 1012 1043 1062 prioris
1072 1011 1172 1061 diei)
1206 1011 1418 1064 prioribus
1448 1012 1500 1051 Ο.

147 1095 202 1121 ea·
232 1083 378 1134 primes
416 1080 527 1119 horis
565 1078 649 1119 diez·
670 1078 713 1118 S.
756 1101 812 1108 —
849 1080 919 1117 via·
955 1078 1124 1126 merae'd.)
1161 1082 1228 1117 via
1265 1080 1409 1119 merid.
1450 1080 1503 1119 Ο.

148 1148 328 1187 correxit
356 1146 398 1185 S.
426 1168 484 1176 --
522 1159 584 1186 oc.
623 1159 739 1185 mero
768 1145 964 1194 madidis)
994 1145 1191 1185 marcidas
1220 1147 1385 1185 coniicit
1413 1146 1505 1193 Rk„

149 1216 242 1267 quia
269 1215 475 1267 proxime,
511 1214 684 1256 humore
721 1215 963 1254 occaecatis.
1021 1214 1105 1254 Sed
1147 1214 1309 1254 madidi
1332 1219 1429 1255 sunt
1457 1221 1505 1255 ut

148 1282 327 1322 marcidi
351 1281 682 1332 temulentorum,
712 1294 794 1322 non
822 1282 1051 1322 humentes.
1081 1305 1138 1312 —
1163 1283 1272 1322 visco
1298 1281 1504 1335 gravidas)

148 1354 237 1393 visu
274 1351 323 1391 Ο.
360 1352 453 1391 vino
492 1351 660 1391 casaub.
700 1354 809 1392 vesco
840 1350 887 1391 C.
919 1351 1060 1391 Barth.
1091 1354 1133 1390 et
1162 1351 1347 1399 Gesner,
1384 1351 1503 1404 prob.

150 1419 229 1460 Rk.
258 1441 314 1448 -
336 1419 489 1471 pallio)
514 1420 654 1472 palleo
685 1419 731 1459 L.

261 1487 444 1526 soleatus
471 1487 660 1538 betaceo)
699 1488 774 1527 sol.
804 1500 917 1540 prae
954 1486 1103 1526 lectulo
1134 1485 1184 1525 Ο.
1224 1491 1271 1525 ut
1299 1500 1323 1527 e
1353 1488 1505 1527 lectulo
1566 1534 1581 1540 ξ

152 1554 323 1596 Casaub.
359 1567 484 1608 super
515 1554 665 1596 lectulo
704 1555 844 1595 Barth.
881 1554 1078 1604 coniecit3
1107 1567 1207 1609 ego,
1238 1555 1330 1607 quia
1359 1567 1504 1609 aegro-

151 1625 277 1664 tantis
314 1623 538 1675 descriptio
576 1627 659 1671 est,
697 1624 888 1675 putabam
924 1624 1127 1663 soleatum
1163 1623 1314 1675 aliquid
1350 1625 1507 1665 addita-

151 1691 282 1731 ment-i
320 1704 543 1743 quaerere,
604 1691 697 1743 quia
732 1691 856 1732 soleis
895 1690 1004 1731 domi
1042 1691 1230 1745 plerique
1267 1692 1507 1741 utebantur3

152 1761 292 1810 itaque
321 1760 467 1810 scripsi
496 1758 683 1806 betaceo,
724 1772 805 1812 qno
842 1760 1051 1813 podagrici
1081 1760 1209 1812 ligare
1238 1760 1367 1812 pedes
1397 1762 1508 1800 sole-

153 1826 264 1868 bant.
322 1825 406 1867 Sed
445 1830 584 1865 utrum
622 1839 764 1867 verum
801 1827 862 1868 sic
899 1828 1126 1868 invenerim
1166 1840 1242 1867 nec
1279 1840 1351 1877 ne,
1413 1828 1508 1881 ipsc

153 1895 318 1936 haereo.
373 1895 517 1948 'ltaque
547 1895 643 1947 quid
676 1899 892 1948 praeterea
920 1897 1188 1945 coniecerim,
1218 1896 1390 1937 aliorum
1420 1896 1509 1936 for-

154 1969 264 2005 tasse
311 1963 474 2004 labores
518 1968 783 2016 occupaturus
829 1964 993 2005 addam:
1024 1966 1266 2019 praeligato
1310 1965 1512 2018 palliolo,-

155 2032 227 2072 sed
257 2031 299 2071 id
329 2031 379 2070 ad
411 2031 586 2071 frontem
617 2032 786 2079 meiius,
817 2046 936 2085 quam
965 2032 1015 2073 ad
1045 2033 1178 2086 frigus
1207 2033 1333 2085 capiti
1365 2033 1514 2086 depel-

155 2099 320 2138 lendum
349 2099 603 2147 referretur3
625 2105 895 2152 praetextato
919 2101 1052 2154 pall.‚·
1083 2101 1155 2141 sed
1187 2102 1295 2140 nulla
1313 2103 1512 2141 orationis

111 2165 117 2170 “
155 2178 251 2219 pars
279 2165 348 2205 hie
375 2166 426 2205 ad
455 2171 645 2207 ornatum
675 2170 860 2221 corporis
891 2174 935 2208 et
963 2169 1182 2209 mollitiem
1203 2169 1405 2221 pertinet3
1418 2169 1513 2222 pel-

157 2235 327 2279 licatus,-
385 2233 457 2273 sed
494 2234 559 2283 id,
606 2248 845 2287 quamquam
884 2241 1021 2289 aptum
1058 2236 1108 2275 ad
1151 2249 1391 2288 personam,
1429 2232 1514 2291 (cf.

157 2301 392 2343 nemsterh.
417 2302 467 2341 ad
499 2302 662 2342 Lucian.
678 2303 839 2343 Timon.
858 2305 907 2344 T.
939 2304 969 2344 1.
999 2318 1039 2357 p.
1056 2304 1154 2344 345.
1183 2305 1330 2345 Jacobs
1347 2305 1515 2345 Anthol.

156 2370 243 2411 Pal.
273 2383 313 2423 p.
342 2370 440 2409 909.
480 2369 692 2422 Aristoph.
723 2371 801 2422 Eq.
830 2384 867 2409 v.
898 2368 1012 2427 400)
1042 2376 1177 2412 tamen
1209 2378 1254 2413 ut
1283 2376 1514 2425 praetexta-

158 2446 246 2480 tum
276 2437 485 2491 palliolum
515 2438 694 2486 mollius,
724 2439 781 2477 ita
810 2438 892 2478 hoc
920 2440 1181 2480 inhonestius
1210 2441 1373 2480 videtur
1387 2440 1430 2479 in
1448 2453 1513 2487 eo,

159 2507 228 2560 qni
258 2511 325 2546 est
352 2507 527 2545 initurus
555 2506 796 2545 convivium.
853 2506 936 2547 Alii
965 2507 1142 2548 fortasse
1172 2521 1223 2548 ex
1257 2508 1323 2548 his
1360 2500 1516 2560 aliquid

157 2574 401 2630 praeferunt
427 2574 608 2614 betaceo.

260 2645 383 2696 flexa
413 2643 591 2691 cervice)
622 2644 749 2693 floxa
778 2643 806 2681 l.
837 2642 946 2683 unde
977 2644 1079 2683 laxa
1106 2644 1213 2683 coni.
1244 2644 1323 2684 Rk.
1354 2667 1414 2675 -—
1443 2658 1516 2685 ea·-

159 2712 357 2764 siccatus)
396 2713 600 2752 excitatus
640 2711 690 2752 Ο.
747 2709 831 2751 Sed
865 2723 945 2751 non
980 2710 1120 2762 video,
1161 2724 1244 2766 quo
1279 2713 1372 2754 iure
1406 2724 1516 2753 nunc

162 2781 231 2822 hic
258 2783 383 2823 homo
415 2782 605 2835 protinus
646 2781 848 2820 excitatus
883 2784 1078 2829 vocetur,
1117 2793 1240 2832 quem
1277 2794 1400 2834 supra
1435 2781 1515 2823 iam
