1793 3207
877 206 912 253 6

227 355 350 394 testis.
422 349 651 401 Quaeritis,
710 351 1055 405 quemadmodum
1088 351 1245 392 scelere
1281 350 1563 392 contaminatis

222 429 447 473 homnibus
468 433 670 484 parcatis.
729 433 795 473 At
828 433 1080 488 ignoscendo
1107 431 1343 472 nocentibus
1371 433 1564 471 Innocen-

219 513 319 551 tium
347 511 524 552 salutem
552 510 761 553 custodire
788 527 873 554 non
895 516 1080 568 potestis.

303 589 357 631 X.
387 590 781 632 POLYPTOTON.
814 593 903 633 Hoc
923 593 1088 633 schema
1105 590 1211 631 solet
1225 588 1455 641 complures
1471 601 1565 629 sen-

173 669 199 709 5
221 671 389 719 tentius,
428 671 510 711 ulio
540 675 661 723 atque
689 672 769 711 alio
796 671 919 711 modo
949 675 996 711 ut
1023 670 1360 723 pronunciantur,
1399 666 1565 707 efferre.

224 749 481 790 cleocharis:
509 748 625 789 Nam
652 749 916 789 vehementer*
940 748 1137 797 admiror,
1166 746 1503 792 Lacedaemonii,
1531 747 1571 783 si

220 833 392 882 praeter
427 828 533 867 hunc
571 841 812 881 quemquam
850 830 1090 868 exestimatzs
1126 840 1236 875 esse,
1294 827 1364 867 cui
1405 825 1453 865 ob
1492 824 1567 863 has

225 921 374 948 causas
402 909 494 947 iure
521 920 764 947 succensere
793 906 985 947 debeatis.
1032 906 1114 947 Hic
1143 912 1203 947 est
1232 908 1349 955 enim,
1370 906 1442 958 qui
1456 903 1567 944 vobis

225 988 487 1039 exploratam
515 1000 629 1040 spem
656 988 852 1027 victoriae
881 991 941 1026 est
963 987 1184 1039 pollzce‘tus.
1239 984 1366 1024 Hunc
1394 997 1466 1024 vos
1485 996 1568 1023 non

151 1059 206 1103 10
227 1067 360 1106 solum
387 1067 431 1104 in
460 1067 628 1119 consilio
658 1065 795 1105 dando
826 1067 971 1104 ceteris
1000 1064 1308 1117 anteposuestis,
1345 1062 1420 1101 sed
1447 1064 1569 1101 etiam

228 1147 271 1185 in
299 1144 553 1199 conficiendo
581 1146 744 1197 negotio
766 1145 996 1197 principem
1019 1143 1295 1196 praefecistis.
1338 1140 1451 1182 Huic
1483 1154 1568 1181 om-

228 1226 340 1263 nium
378 1228 557 1262 vestrum
585 1222 787 1272 fortunas
829 1223 1013 1261 universi
1052 1223 1319 1261 commaeszlstzls.
1389 1220 1456 1260 Ab
1494 1220 1569 1259 hoc

223 1302 351 1351 igitur
385 1312 468 1337 uno
506 1300 711 1350 pristinae
750 1300 1062 1350 pollicitationes
1105 1312 1324 1351 rerumque
1356 1304 1569 1350 gestarum

223 1375 451 1429 [rationem]
491 1387 712 1427 reposcere
751 1375 916 1414 debetis.
975 1376 1075 1414 Item
1106 1375 1303 1415 Charisii:
1342 1376 1477 1416 Pater
1505 1376 1568 1416 hic

144 1448 198 1492 15
220 1460 314 1494 tuus
341 1467 450 1493 nunc
479 1453 652 1506 denique
680 1458 764 1500 est,
804 1458 853 1493 ut
878 1458 1103 1506 egestatem
1132 1459 1247 1494 tuam
1276 1454 1425 1494 debere
1454 1456 1569 1494 alere

219 1533 439 1574 m'deatur?
482 1532 658 1573 Patrem
694 1546 805 1573 nunc
843 1533 1053 1586 appella-9,
1091 1547 1211 1586 quem
1231 1536 1353 1587 prius
1382 1538 1569 1586 egentem

218 1612 374 1652 auxilio
403 1614 475 1651 tuo
503 1615 553 1651 ut
578 1612 758 1651 alienum
786 1611 1029 1651 deseruisti?
1068 1610 1198 1651 Patri
1232 1617 1278 1652 tu
1294 1613 1413 1665 filius
1443 1626 1485 1652 es
1515 1613 1572 1652 ad

213 1690 440 1743 potiundus
480 1703 600 1743 opes,
639 1692 756 1729 cuius
793 1690 850 1728 ad
882 1694 1131 1729 seneclutem
1159 1690 1393 1730 violandam
1422 1691 1569 1730 crude-

220 1769 395 1809 obsimus
424 1769 551 1809 hostis
569 1768 724 1820 suisti?
753 1767 962 1808 IVime‘rum
993 1768 1106 1807 nullo
1137 1769 1304 1808 consilio
1324 1769 1441 1822 filios
1463 1782 1567 1822 pro-

142 1846 200 1889 20
222 1862 423 1890 creamus.
465 1848 580 1889 Nam
608 1850 807 1889 maiorem
831 1853 996 1901 partem
1026 1862 1078 1887 es
1108 1848 1186 1887 illis
1216 1847 1371 1889 doloris
1400 1853 1443 1888 et
1470 1862 1568 1887 con-

224 1930 416 1967 tumeliae
446 1930 639 1980 capimus.

340 2005 413 2042 xl.
443 2004 826 2044 EPANALEPSIS.
885 2004 978 2041 Hoc
1014 2004 1177 2042 schema
1204 2005 1295 2042 fieri
1325 2005 1448 2051 solet,
1480 2017 1568 2044 cum

232 2081 274 2119 id
305 2081 415 2131 quod
445 2081 596 2120 dictum
627 2083 755 2120 semel
783 2085 860 2128 est,
892 2094 971 2131 quo
1001 2083 1158 2132 gravius
1188 2085 1254 2130 sit,
1284 2083 1468 2122 iteratur.
1524 2084 1568 2123 ld

232 2158 440 2198 interdum
474 2159 523 2197 fit
556 2171 637 2197 uno
674 2159 822 2205 verbo,
879 2158 1082 2198 interdum
1129 2160 1305 2211 plurium
1352 2163 1567 2201 vei-borum

254 2291 278 2326 5
323 2293 392 2326 alio
416 2296 521 2337 atque
545 2292 613 2324 alio
636 2292 756 2337 modo)
790 2291 813 2325 i.
837 2303 868 2325 e.
891 2291 977 2326 aliis
1003 2303 1146 2337 semper
1169 2294 1334 2337 casibus,
1358 2296 1432 2336 hic,
1464 2296 1567 2337 hunc,

320 2349 413 2390 kuic,
438 2350 481 2382 ab
503 2349 592 2389 hoc,·
610 2354 729 2392 pater,
748 2353 900 2393 patrem,
919 2351 1029 2393 patri.
1077 2350 1177 2385 Nota
1209 2362 1315 2392 vero,
1348 2352 1386 2386 in
1410 2356 1569 2395 utroque

319 2406 487 2450 exemplo
513 2409 684 2449 quartum
709 2416 833 2439 casum
857 2408 940 2439 unte
964 2406 1117 2441 tertium
1139 2407 1277 2441 venire.

229 2461 272 2494 11
316 2462 353 2495 in
376 2462 612 2506 conficiendo)
646 2464 750 2503 nota,
783 2461 1015 2506 praefecistis
1044 2463 1081 2496 in
1102 2462 1276 2508 ncgotio3
1324 2462 1497 2506 apposuit
1519 2464 1567 2502 ἰη,

319 2517 406 2561 quia
429 2521 693 2563 praecesserat,
716 2519 752 2550 in
775 2518 943 2552 consilio.

229 2571 276 2605 19
318 2574 412 2607 nullo
436 2575 600 2619 consilio)
625 2575 652 2608 i.
677 2586 707 2609 e.
732 2578 882 2618 temere,
906 2576 1032 2610 stulte.

231 2628 276 2662 20
320 2631 481 2665 maiorem
510 2633 681 2676 partem)
722 2631 950 2666 rhetoricum
992 2633 1133 2676 pondus
1179 2643 1358 2677 quaerens
1405 2632 1570 2664 maiorem

316 2690 456 2729 partem
486 2688 597 2730 dicit,
628 2699 700 2723 non
718 2689 827 2733 plus3
861 2692 902 2722 ut
924 2689 1091 2723 hodierno
1116 2689 1191 2731 die,
1223 2700 1297 2723 non
1329 2687 1430 2721 hodie
1463 2696 1570 2730 saepe

319 2744 471 2786 propter
493 2754 639 2779 causam
663 2745 815 2780 eundem
845 2744 922 2779 Cic.
947 2743 1140 2779 Sententia
1162 2743 1302 2789 igitur,
1325 2753 1347 2777 a
1369 2739 1461 2775 filiis
1485 2741 1568 2785 plus

322 2797 463 2833 doloris
487 2799 665 2844 capimus,
689 2812 798 2846 quam
821 2801 1037 2837 adiumenti.
