1793 3207
879 223 908 252 Χ

228 400 344 440 sam,
385 379 677 438 articulisque
711 385 820 438 apte
855 379 1125 425 distinctam.
1208 380 1389 426 Deinde
1422 395 1565 441 quan-

228 460 388 507 tumvis
424 459 711 518 antiquorum
742 474 871 504 more
898 459 1043 503 libere
1078 459 1356 517 exemplaria
1387 460 1568 508 Graeca

223 541 425 587 Rutilius
458 539 620 585 Latina
652 538 836 596 fecerit,
880 539 944 583 ita
979 545 1130 583 tamen
1163 537 1357 584 subinde
1390 541 1568 587 nativus

224 622 352 667 color
384 621 638 677 interlucet,
672 625 724 663 ut
760 625 838 663 aut
871 618 959 678 ipsi
993 617 1306 665 adolescentes
1341 633 1397 664 ea
1430 621 1568 665 vesti—

223 702 303 763 gia
325 702 494 762 legere,
530 706 609 745 aut
641 699 861 760 magistro
895 704 1198 744 monstratore
1233 706 1280 745 et
1313 699 1463 760 indice
1496 699 1567 744 in-

225 782 410 842 dagare,
447 787 492 824 et
521 795 612 838 quo
642 786 836 837 utraque
864 780 1022 840 lingua
1052 780 1274 838 discedat,
1308 780 1569 840 intelligere

223 861 396 905 utiliter
438 860 629 903 valeant.
712 858 852 916 Quod
898 865 1074 917 autem,
1121 860 1232 906 licet
1273 861 1394 905 omni
1428 859 1567 905 modo

222 938 610 983 averruncandum
642 939 715 995 sit,
750 939 983 983 interdum
1018 946 1169 984 tamen
1206 946 1274 985 est
1305 940 1569 995 verendum,

220 1034 277 1063 ne
311 1018 643 1063 adolescentuli
671 1018 860 1077 quidam
894 1021 1014 1064 male
1048 1020 1270 1076 industrii,
1305 1020 1438 1078 peius
1472 1020 1568 1063 ani-

221 1097 346 1155 mati,
382 1097 552 1154 fontes,
589 1098 710 1141 unde
745 1113 826 1142 sua
860 1099 1066 1143 themata
1096 1099 1330 1155 fluxerint,
1365 1098 1569 1157 quamvis

222 1177 483 1223 reconditos
530 1178 750 1220 rimentur
797 1184 844 1221 et
889 1179 935 1222 in
971 1194 1076 1223 suos
1110 1179 1281 1223 rivulos
1316 1179 1568 1233 advertant,

222 1256 284 1301 de
328 1272 382 1301 eo
427 1255 615 1315 quidem
650 1257 742 1301 hoc
776 1256 821 1301 in
856 1257 1080 1317 scriptore
1114 1258 1251 1318 plane
1280 1258 1450 1304 securis
1484 1272 1568 1302 no-

221 1338 291 1381 bis
319 1337 429 1381 licet
456 1351 564 1380 esse.
629 1336 724 1380 Sed
759 1337 819 1379 ad
854 1338 903 1380 id
939 1338 1130 1382 fortasse
1166 1338 1341 1395 aliquid
1376 1339 1463 1381 erit
1494 1338 1568 1380 di-

225 1414 440 1472 cendum,
487 1413 614 1475 quod.
645 1414 752 1460 libri
786 1414 1058 1477 magnitudo
1093 1416 1276 1462 brevior
1308 1416 1465 1462 multis
1498 1415 1568 1460 vi—

225 1497 324 1539 deri
357 1495 571 1554 potuerit,
607 1511 743 1553 quam
780 1511 898 1552 quae
932 1497 1041 1540 satis
1075 1498 1277 1555 amplam
1312 1497 1372 1540 ad
1403 1512 1569 1541 annuas

222 1574 617 1635 interpretationes
652 1574 889 1618 materiem
924 1575 1155 1635 praebeat.
1217 1575 1392 1621 Verum
1426 1591 1569 1636 quum

224 1655 544 1713 scriptionibus
569 1655 770 1710 Graecis,
808 1655 940 1698 aliter
975 1662 1113 1714 atque
1137 1655 1323 1712 Latinis,
1357 1670 1446 1700 non
1474 1661 1570 1699 tam

224 1740 441 1794 prompta
473 1733 700 1779 scribendi
736 1733 955 1792 facilitas,
1003 1751 1140 1794 quam
1170 1735 1351 1781 subtilis
1384 1736 1569 1796 linguae

227 1812 528 1874 intelligentia
554 1818 813 1872 quaeratur,
847 1813 1074 1872 brevibus,
1108 1814 1192 1860 nisi
1219 1814 1368 1872 fallor,
1404 1814 1567 1874 pensis,

229 1892 477 1935 dummodo
524 1893 756 1951 ingenium
803 1900 988 1950 acuant,
1039 1901 1085 1937 et
1128 1894 1295 1951 quibus
1336 1896 1411 1937 vel
1451 1895 1569 1938 haec

228 1970 376 2014 libelli
418 1970 617 2029 parvitas
662 1971 757 2014 fere
802 1972 1021 2028 sufficiat,
1070 1973 1258 2033 transigi
1299 1971 1567 2032 potest.***)

230 2050 379 2093 Modo
414 2064 471 2092 ne
497 2049 604 2092 libri
635 2064 773 2107 pensa
804 2051 940 2094 simul
969 2058 1107 2109 atque
1135 2052 1306 2096 utilitas
1335 2052 1569 2097 vocabulis

249 2212 315 2256 ⁸⁰)
342 2212 452 2257 Quod
477 2212 510 2247 si
533 2216 655 2247 tamen
680 2214 798 2249 maior
821 2216 1073 2261 exemplorum
1095 2208 1201 2262 copia
1223 2216 1362 2252 alicubi
1382 2217 1567 2253 desidere-

342 2273 417 2311 tur,
442 2280 577 2315 augcre
601 2274 638 2305 et·
661 2271 800 2317 figuras
824 2276 862 2307 et
885 2274 1062 2319 exempla,
1091 2273 1228 2309 Rutilii
1251 2286 1392 2310 morem
1416 2267 1575 2319 imitati,

340 2326 554 2371 poterimus.
606 2328 755 2364 Veluti:
787 2329 1078 2365 Phantasia:
1112 2332 1194 2366 Hoc
1218 2332 1367 2367 schema
1389 2333 1452 2375 fit,
1485 2344 1569 2366 cum

338 2383 523 2429 imagines
547 2395 670 2419 rerum
695 2386 903 2421 absentium
926 2386 982 2422 ita
1004 2392 1328 2433 repraesentantur
1351 2389 1494 2430 animo,
1526 2392 1569 2423 ut

338 2451 402 2475 eas
426 2452 575 2475 cernere
604 2441 723 2476 oculis
754 2453 795 2477 uc
826 2448 1036 2487 praesentes
1066 2445 1204 2480 habere
1234 2445 1437 2480 videamur.
1492 2445 1568 2479 De-

337 2495 564 2530 mosthenis:
598 2498 708 2542 Atqui
729 2499 761 2532 sz'
781 2511 875 2533 nunc
895 2500 1027 2544 ipsum,
1060 2502 1210 2543 iudices,
1233 2506 1377 2547 repente
1399 2512 1569 2547 magnum

340 2552 566 2587 exaudiamus
577 2553 771 2598 clamorem,
789 2559 824 2589 et
837 2567 916 2590 mox
928 2557 1052 2602 aliquis
1068 2558 1208 2592 advolet
1221 2558 1382 2600 nuncius,
1400 2560 1569 2604 effractos

341 2607 495 2642 clamans
505 2622 675 2651 carceres,
693 2613 827 2656 fugam
831 2624 966 2656 parare
977 2614 1134 2658 captivos
1142 2628 1156 2656 ,-
1181 2627 1293 2657 nemo,
1317 2616 1436 2656 credo,
1458 2626 1570 2658 neque

341 2663 456 2696 senior
479 2677 588 2710 neque
605 2668 727 2713 ,iunior
750 2668 838 2701 adeo
861 2680 981 2704 socors
997 2671 1126 2715 fuerit,
1158 2672 1241 2716 quin
1264 2676 1434 2717 quantum
1453 2671 1569 2715 possit

334 2721 438 2764 ferat
462 2723 637 2757 auxilium.
696 2724 786 2759 Tum
814 2737 916 2768 vero,
950 2727 982 2761 si
1004 2728 1081 2772 quis
1104 2728 1316 2763 interveniat
1339 2733 1466 2772 atque:
1500 2728 1570 2763 llic

340 2777 398 2811 ille
421 2782 493 2818 est,
517 2779 703 2821 exclamet,
728 2783 789 2825 qui
809 2783 887 2817 illos
911 2784 1042 2818 dimisit
1049 2796 1063 2825 ,-
1086 2796 1168 2818 num
1191 2785 1278 2829 quid
1299 2785 1440 2818 obstare
1458 2790 1569 2829 puta-
