1793 3207
260 210 748 254 ANIMADVERSIONES
771 209 1023 249 emnem.
1053 208 1098 248 1,.
1110 209 1142 256 1,
1153 205 1302 247 19-21.
1390 198 1461 252 39

114 335 289 384 scribas,
324 332 470 385 script,
497 345 576 382 ne,
596 331 730 386 possit
756 330 888 372 ‘oratio
915 341 1008 371 esse
1035 329 1293 383 corrigentis
1312 325 1460 383 videri.

113 404 335 444 Praeterea
362 399 456 441 iibri
485 400 628 450 detur,
658 399 768 453 quod
797 399 839 440 S.
867 399 947 440 iam
975 402 1233 449 correxerat,
1270 397 1460 439 daretur.

114 471 191 512 Cui
225 469 405 523 iniquior
442 468 520 509 Rk.
557 481 641 509 non
682 469 899 509 obsecutus
937 471 1013 508 est.
1080 466 1163 508 Sed
1200 467 1266 508 vix
1301 467 1345 507 in
1381 466 1461 508 hac

114 539 305 580 orationis
334 538 631 579 continuatione
658 541 890 591 temporum
918 536 1093 576 varietas
1110 535 1293 589 quaesita
1309 535 1459 585 fuerin

113 609 248 661 potius
276 607 397 648 detur
428 621 477 647 ex
514 606 756 660 compendio
786 598 847 645 de'
852 611 920 645 tur
956 608 1102 645 ortum.
1131 622 1189 635 -2—
1214 617 1300 644 non
1327 605 1460 658 negli-

111 674 269 735 gebas)
306 676 522 716 scribebat.
572 675 647 715 Rk.
702 673 739 713 J.
777 673 901 714 Tollii
937 674 1180 713 auctoritate
1219 676 1459 723 commotus,

113 758 250 786 nonne
287 744 462 797 legebas.
520 743 614 782 Non
650 745 774 782 recte.
831 741 934 781 Nam
979 741 1156 781 debebat
1197 740 1459 793 interrogari,

113 825 251 853 nonne
280 812 475 864 legeras?
517 810 677 850 Deinde
714 809 816 850 haec
849 810 1117 862 interrogatio
1157 808 1462 849 excusationem-

114 880 241 932 magis
270 877 555 929 suppeditaret
595 876 815 928 Hyperidi,
854 889 972 928 quam
1006 877 1142 930 legum
1180 877 1460 930 neglectarum

115 939 452 1001 (παρανόμων)
481 943 790 982 accusationem.
848 943 993 995 Neque
1021 947 1178 995 poterat
1205 945 1461 998 respondere

115 1011 373 1066 Hyperides:
408 1009 509 1050 Nora
540 1013 747 1062 poteram.
807 1008 893 1048 Gur
922 1010 1029 1048 enim
1058 1015 1233 1062 propter
1260 1026 1370 1053 arma
1398 1015 1461 1054 le-
1484 1025 1487 1028 “

116 1094 216 1134 gere
245 1081 359 1133 leges
387 1091 468 1118 non
498 1078 688 1130 poterat?
718 1076 775 1116 Et
804 1076 904 1129 quid
933 1089 1000 1116 eas
1030 1077 1170 1130 legere
1185 1079 1355 1128 attinuit,
1385 1081 1462 1123 du-

118 1150 214 1189 dum
243 1148 374 1187 latas?
431 1145 515 1185 Sed
557 1157 678 1197 quum
717 1144 941 1196 Aristogito
976 1146 1182 1185 excultans
1221 1152 1464 1199 quaereret:

117 1229 202 1256 non
229 1216 356 1268 igitur
385 1203 497 1267 leges
526 1211 797 1266 negligebas?
832 1212 919 1260 lue,
948 1225 1032 1252 non
1055 1217 1248 1265 poteram
1276 1227 1360 1254 non
1389 1228 1464 1256 ne-

115 1285 289 1338 gligere,
318 1281 546 1335 respondit,
569 1285 798 1334 propterea
825 1280 937 1334 quod
962 1283 1060 1330 etc„
1089 1281 1148 1321 sic
1177 1282 1356 1334 denique
1385 1284 1464 1323 ali-

120 1351 220 1405 quid
248 1350 452 1402 infertur,
490 1348 601 1402 quod
638 1350 774 1388 omnia
809 1361 914 1401 quae
943 1349 1159 1401 posuimus
1186 1351 1376 1402 irfirmet.
1406 1373 1464 1383 --·

122 1413 390 1474 objiciebant)
428 1416 670 1457 obsistebant
701 1417 750 1456 0.
788 1416 966 1456 correxit
994 1416 1070 1455 Rk.
1100 1429 1151 1456 ex
1178 1416 1465 1458 Pseudo-Plu-

121 1487 249 1526 tarch.
279 1485 386 1538 apud
415 1484 617 1534 Photium,
646 1484 717 1536 qui
746 1483 967 1536 Hyperidis
996 1484 1118 1524 verba
1134 1483 1324 1525 referens
1338 1485 1466 1526 hahet

121 1547 364 1595 ἐπεσκότέι.

231 1621 322 1661 ΧΧ.
351 1620 622 1660 Anancaeorz.
672 1618 815 1659 Miron
852 1618 899 1658 L.
943 1615 1275 1677 Chremonides.)
1313 1619 1382 1661 Sic
1410 1620 1464 1661 R.

125 1690 252 1730 ceteri
285 1687 573 1734 Cremom'des5
608 1685 947 1727 Chaeremonides
975 1689 1076 1727 coni.
1106 1687 1147 1727 S.

232 1756 342 1795 XXI.
368 1749 645 1811 Ethopoeia.)
673 1754 898 1807 Ethologz‘a
925 1753 974 1793 R.
1004 1759 1049 1794 et
1076 1755 1171 1795 hinc
1197 1754 1239 1794 S.
1270 1754 1465 1796 Definitio

125 1823 338 1863 schematis
367 1823 502 1874 periit.
532 1845 588 1851 —
615 1835 766 1906 &agno
796 1819 967 1875 calore)
997 1822 1065 1862 Sic
1092 1834 1199 1862 corr.
1228 1822 1278 1861 R.
1309 1827 1353 1863 et
1370 1823 1467 1863 hinc

124 1890 168 1930 S.
199 1884 320 1938 iibri,
359 1889 552 1929 clamore.
582 1878 638 1918 Σ-
692 1891 782 1929 viae
810 1886 1067 1945 molestiam)
1095 1903 1131 1930 v.
1160 1890 1379 1930 molestum
1407 1890 1468 1940 L.,

127 1958 235 2010 quod
265 1969 504 2009 quamquam
532 1958 666 1995 minus
702 1970 751 1996 ex
786 1957 1081 1997 consuetudine
1117 1958 1280 2011 linguae
1308 1957 1470 2008 latinae,

125 2030 260 2065 tamen
288 2025 462 2065 fortasse
490 2027 674 2077 tanquam
704 2024 845 2064 Rutilii
882 2038 1022 2065 manus
1057 2026 1257 2065 tuendum
1286 2030 1387 2066 erat.
1415 2050 1473 2057 —

118 2094 196 2145 fer
228 2093 407 2143 sortiter
448 2092 630 2144 demum)
681 2092 802 2144 ferri
839 2092 888 2132 Ο.
930 2093 1110 2132 correxit
1145 2093 1186 2134 S.
1226 2093 1388 2134 demum
1423 2107 1474 2135 ex

126 2160 253 2200 Festo
283 2157 379 2213 (alii
403 2159 564 2199 demum
586 2173 669 2213 pro
699 2160 908 2200 duntaxat
925 2159 1175 2215 posuerunt)
1204 2166 1319 2202 recte
1337 2162 1471 2201 inter-

127 2229 334 2279 pretatus;
371 2230 436 2266 est
473 2228 581 2266 enim
621 2228 747 2266 oratio
776 2240 820 2266 se
850 2228 1121 2279 increpantis;
1158 2231 1292 2268 tamen
1322 2228 1473 2268 deinde

128 2293 314 2341 coniicit,
352 2292 429 2332 Rk.
471 2297 698 2332 extremum
734 2293 916 2334 laborem
923 2307 940 2341 ,·
976 2306 1058 2346 quo
1095 2296 1224 2335 oratio
1253 2297 1471 2348 insequens

128 2361 351 2416 frangitur3
389 2359 512 2398 debet
550 2361 658 2398 enim
687 2372 767 2399 non
797 2364 1025 2413 exspectata
1053 2361 1105 2401 ad
1133 2375 1255 2403 aures
1284 2363 1471 2404 accidere

128 2429 232 2470 haec
259 2426 498 2468 consolatio:
527 2429 610 2467 iam
638 2427 754 2468 brevi
777 2428 940 2468 domum
967 2431 1115 2469 venies.
1145 2453 1202 2459 ——
1228 2430 1383 2483 venies)
1400 2443 1469 2470 ve-

130 2498 246 2537 niens
276 2496 325 2535 0.
356 2508 463 2535 corr.
491 2494 546 2534 S.-
562 2519 618 2525 —
646 2494 851 2549 detrahet)
881 2496 1058 2536 detrahit
1086 2497 1193 2545 libri,
1224 2510 1330 2537 corr.
1360 2498 1409 2538 A.
1428 2501 1473 2538 et

130 2564 173 2605 S.
202 2560 430 2617 reparabit)
459 2562 720 2616 recuperabit
745 2562 793 2603 Ο.
824 2564 1087 2617 recuperabis
1112 2565 1215 2604 coni.
1246 2564 1374 2606 Gron.
1404 2580 1474 2607 re·-

132 2632 289 2673 creabit
314 2631 379 2672 vel
407 2630 620 2684 reparabit
645 2631 748 2678 Rk.;
776 2638 916 2671 utrum
943 2632 1080 2671 verius
1110 2632 1183 2681 sit,
1222 2633 1332 2675 unde
1361 2647 1475 2675 com-

131 2700 303 2752 probem
338 2712 420 2740 non
457 2699 601 2741 habeo.
630 2723 685 2730 --
722 2696 982 2754 recogitatio)
1020 2700 1213 2753 cogitatio
1233 2703 1400 2744 ‘maluit
1417 2702 1471 2752 8.,

132 2767 310 2811 fortasse
338 2771 473 2816 recte3
508 2780 599 2810 nam
635 2770 769 2809 movet
804 2780 883 2809 vox
909 2768 1000 2822 ipsa
1037 2769 1322 2823 suspicionem,
1350 2772 1472 2824 auget
