<?xml version="1.0" encoding="UTF-8"?>
<!DOCTYPE html PUBLIC "-//W3C//DTD XHTML 1.0 Transitional//EN"
    "http://www.w3.org/TR/xhtml1/DTD/xhtml1-transitional.dtd">
<html xmlns="http://www.w3.org/1999/xhtml" xml:lang="en" lang="en">
 <head>
  <title>
</title>
<meta http-equiv="Content-Type" content="text/html;charset=utf-8" />
  <meta name='ocr-system' content='tesseract 3.04.00' />
  <meta name='ocr-capabilities' content='ocr_page ocr_carea ocr_par ocr_line ocrx_word'/>
</head>
<body>
  <div class='ocr_page' id='page_1' title='image "4622881_0059.png"; bbox 0 0 1793 3207; ppageno 0'>
   <div class='ocr_carea' id='block_1_1' title="bbox 272 223 1522 273">
    <p class='ocr_par' dir='ltr' id='par_1_1' title="bbox 272 223 1522 273">
     <span class='ocr_line' id='line_1_1' title="bbox 272 223 1522 273; baseline -0.003 -3"><span class='ocrx_word' id='word_1_1' title='bbox 272 223 345 270; x_wconf 78' lang='lat'><em>36</em></span> <span class='ocrx_word' id='word_1_2' title='bbox 436 227 927 268; x_wconf 66' lang='lat' dir='ltr'><em>Aummvmsiomzs</em></span> <span class='ocrx_word' id='word_1_3' title='bbox 974 227 1228 266; x_wconf 69' lang='lat' dir='ltr'><em>camme.</em></span> <span class='ocrx_word' id='word_1_4' title='bbox 1252 230 1298 266; x_wconf 74' lang='lat' dir='ltr'><em>n.</em></span> <span class='ocrx_word' id='word_1_5' title='bbox 1320 230 1351 273; x_wconf 91' lang='lat'><em>1,</em></span> <span class='ocrx_word' id='word_1_6' title='bbox 1374 229 1522 267; x_wconf 74' lang='lat'>13—15.</span> 
     </span>
    </p>
   </div>
   <div class='ocr_carea' id='block_1_2' title="bbox 268 344 1642 2848">
    <p class='ocr_par' dir='ltr' id='par_1_2' title="bbox 274 344 1633 531">
     <span class='ocr_line' id='line_1_2' title="bbox 276 344 1633 401; baseline -0.002 -12"><span class='ocrx_word' id='word_1_7' title='bbox 276 347 445 392; x_wconf 59' lang='lat' dir='ltr'><strong>«licitum</strong></span> <span class='ocrx_word' id='word_1_8' title='bbox 499 344 589 384; x_wconf 72' lang='lat' dir='ltr'><strong>laus</strong></span> <span class='ocrx_word' id='word_1_9' title='bbox 626 345 789 386; x_wconf 83' lang='lat' dir='ltr'><strong>videtur</strong></span> <span class='ocrx_word' id='word_1_10' title='bbox 824 356 917 385; x_wconf 69' lang='lat' dir='ltr'><em>ease</em></span> <span class='ocrx_word' id='word_1_11' title='bbox 951 357 1023 395; x_wconf 70' lang='lat' dir='ltr'><em>ea,</em></span> <span class='ocrx_word' id='word_1_12' title='bbox 1079 356 1188 398; x_wconf 73' lang='lat' dir='ltr'><em>quae</em></span> <span class='ocrx_word' id='word_1_13' title='bbox 1221 358 1429 391; x_wconf 61' lang='lat' dir='ltr'><em>cuasarum</em></span> <span class='ocrx_word' id='word_1_14' title='bbox 1458 349 1633 401; x_wconf 73' lang='lat' dir='ltr'><em>patrono</em></span> 
     </span>
     <span class='ocr_line' id='line_1_3' title="bbox 275 413 1632 470; baseline 0.001 -16"><span class='ocrx_word' id='word_1_15' title='bbox 275 417 448 470; x_wconf 78' lang='lat' dir='ltr'><em>propter</em></span> <span class='ocrx_word' id='word_1_16' title='bbox 482 413 755 468; x_wconf 78' lang='lat' dir='ltr'><em>eloquentiam</em></span> <span class='ocrx_word' id='word_1_17' title='bbox 792 413 910 455; x_wconf 86' lang='lat' dir='ltr'><strong>felici</strong></span> <span class='ocrx_word' id='word_1_18' title='bbox 945 413 1154 468; x_wconf 78' lang='lat' dir='ltr'><em>contingit.</em></span> <span class='ocrx_word' id='word_1_19' title='bbox 1189 436 1248 444; x_wconf 91' lang='lat'>-</span> <span class='ocrx_word' id='word_1_20' title='bbox 1284 416 1460 468; x_wconf 83' lang='lat' dir='ltr'><em>temere)</em></span> <span class='ocrx_word' id='word_1_21' title='bbox 1494 416 1555 457; x_wconf 80' lang='lat' dir='ltr'><strong>sic</strong></span> <span class='ocrx_word' id='word_1_22' title='bbox 1582 415 1632 456; x_wconf 81' lang='lat' dir='ltr'><em>A.</em></span> 
     </span>
     <span class='ocr_line' id='line_1_4' title="bbox 274 482 1484 531; baseline 0 -8"><span class='ocrx_word' id='word_1_23' title='bbox 274 482 422 531; x_wconf 75' lang='lat' dir='ltr'><em>ceteri,</em></span> <span class='ocrx_word' id='word_1_24' title='bbox 450 486 607 524; x_wconf 83' lang='lat' dir='ltr'><em>tenere.</em></span> <span class='ocrx_word' id='word_1_25' title='bbox 1481 528 1484 530; x_wconf 66' lang='lat'>‚</span> 
     </span>
    </p>

    <p class='ocr_par' dir='ltr' id='par_1_3' title="bbox 268 550 1642 2302">
     <span class='ocr_line' id='line_1_5' title="bbox 385 550 1633 606; baseline -0.002 -13"><span class='ocrx_word' id='word_1_26' title='bbox 385 550 501 594; x_wconf 83' lang='lat' dir='ltr'><strong>XIV.</strong></span> <span class='ocrx_word' id='word_1_27' title='bbox 539 550 882 606; x_wconf 70' lang='lat' dir='ltr'><em>Polysyntheton.</em></span> <span class='ocrx_word' id='word_1_28' title='bbox 923 552 1186 593; x_wconf 82' lang='lat' dir='ltr'><em>convenienti</em></span> <span class='ocrx_word' id='word_1_29' title='bbox 1215 551 1387 605; x_wconf 82' lang='lat' dir='ltr'><em>copula)</em></span> <span class='ocrx_word' id='word_1_30' title='bbox 1424 555 1546 606; x_wconf 81' lang='lat' dir='ltr'><em>copia</em></span> <span class='ocrx_word' id='word_1_31' title='bbox 1582 554 1633 593; x_wconf 90' lang='lat'><em>0.</em></span> 
     </span>
     <span class='ocr_line' id='line_1_6' title="bbox 274 619 1633 674; baseline -0.001 -14"><span class='ocrx_word' id='word_1_32' title='bbox 274 622 457 661; x_wconf 79' lang='lat' dir='ltr'><em>correxit</em></span> <span class='ocrx_word' id='word_1_33' title='bbox 486 619 538 662; x_wconf 86' lang='lat' dir='ltr'><em>V.</em></span> <span class='ocrx_word' id='word_1_34' title='bbox 568 620 617 660; x_wconf 91' lang='lat' dir='ltr'><em>D.</em></span> <span class='ocrx_word' id='word_1_35' title='bbox 649 621 692 661; x_wconf 88' lang='lat' dir='ltr'><em>in</em></span> <span class='ocrx_word' id='word_1_36' title='bbox 721 632 848 674; x_wconf 78' lang='lat' dir='ltr'><em>marg.</em></span> <span class='ocrx_word' id='word_1_37' title='bbox 877 619 928 660; x_wconf 81' lang='lat' dir='ltr'><em>R.</em></span> <span class='ocrx_word' id='word_1_38' title='bbox 956 643 1013 650; x_wconf 90' lang='lat'><em>—-</em></span> <span class='ocrx_word' id='word_1_39' title='bbox 1050 619 1130 661; x_wconf 82' lang='lat' dir='ltr'><em>Ille</em></span> <span class='ocrx_word' id='word_1_40' title='bbox 1166 620 1276 661; x_wconf 83' lang='lat' dir='ltr'><em>hunc</em></span> <span class='ocrx_word' id='word_1_41' title='bbox 1307 633 1419 674; x_wconf 84' lang='lat' dir='ltr'><em>pone</em></span> <span class='ocrx_word' id='word_1_42' title='bbox 1455 621 1633 671; x_wconf 83' lang='lat' dir='ltr'><em>constr.)</em></span> 
     </span>
     <span class='ocr_line' id='line_1_7' title="bbox 268 688 1633 743; baseline -0.003 -12"><span class='ocrx_word' id='word_1_43' title='bbox 268 703 415 743; x_wconf 76' lang='lat' dir='ltr'><em>poena</em></span> <span class='ocrx_word' id='word_1_44' title='bbox 445 688 496 729; x_wconf 90' lang='lat' dir='ltr'><em>O.</em></span> <span class='ocrx_word' id='word_1_45' title='bbox 527 694 678 729; x_wconf 79' lang='lat' dir='ltr'><em>catena</em></span> <span class='ocrx_word' id='word_1_46' title='bbox 706 702 814 729; x_wconf 81' lang='lat' dir='ltr'><em>corr.</em></span> <span class='ocrx_word' id='word_1_47' title='bbox 834 688 911 728; x_wconf 81' lang='lat' dir='ltr'><em>Rk.</em></span> <span class='ocrx_word' id='word_1_48' title='bbox 955 688 1040 728; x_wconf 90' lang='lat' dir='ltr'><em>Sed</em></span> <span class='ocrx_word' id='word_1_49' title='bbox 1069 690 1203 742; x_wconf 78' lang='lat' dir='ltr'><em>agitur</em></span> <span class='ocrx_word' id='word_1_50' title='bbox 1233 689 1285 728; x_wconf 88' lang='lat' dir='ltr'><em>de</em></span> <span class='ocrx_word' id='word_1_51' title='bbox 1301 688 1633 736; x_wconf 66' lang='lat' dir='ltr'><em>hominefibero,</em></span> 
     </span>
     <span class='ocr_line' id='line_1_8' title="bbox 276 755 1635 809; baseline -0.001 -12"><span class='ocrx_word' id='word_1_52' title='bbox 276 770 401 809; x_wconf 85' lang='lat' dir='ltr'><em>quem</em></span> <span class='ocrx_word' id='word_1_53' title='bbox 439 761 582 797; x_wconf 83' lang='lat' dir='ltr'><em>catena</em></span> <span class='ocrx_word' id='word_1_54' title='bbox 610 756 833 809; x_wconf 81' lang='lat' dir='ltr'>constringi</span> <span class='ocrx_word' id='word_1_55' title='bbox 868 755 918 795; x_wconf 80' lang='lat' dir='ltr'><em>ab</em></span> <span class='ocrx_word' id='word_1_56' title='bbox 956 755 1123 797; x_wconf 86' lang='lat' dir='ltr'><em>homine</em></span> <span class='ocrx_word' id='word_1_57' title='bbox 1161 757 1343 809; x_wconf 77' lang='lat' dir='ltr'><em>privato,</em></span> <span class='ocrx_word' id='word_1_58' title='bbox 1388 756 1635 804; x_wconf 76' lang='lat' dir='ltr'><strong>inauditum3</strong></span> 
     </span>
     <span class='ocr_line' id='line_1_9' title="bbox 276 823 1636 878; baseline -0.001 -12"><span class='ocrx_word' id='word_1_59' title='bbox 276 827 562 878; x_wconf 72' lang='lat' dir='ltr'><em>constringere</em></span> <span class='ocrx_word' id='word_1_60' title='bbox 589 828 727 863; x_wconf 82' lang='lat' dir='ltr'><em>autem</em></span> <span class='ocrx_word' id='word_1_61' title='bbox 757 823 811 864; x_wconf 87' lang='lat' dir='ltr'><em>de</em></span> <span class='ocrx_word' id='word_1_62' title='bbox 841 825 984 876; x_wconf 89' lang='lat' dir='ltr'><strong>quovis</strong></span> <span class='ocrx_word' id='word_1_63' title='bbox 1014 827 1105 863; x_wconf 79' lang='lat' dir='ltr'><em>arto</em></span> <span class='ocrx_word' id='word_1_64' title='bbox 1134 825 1361 876; x_wconf 82' lang='lat' dir='ltr'><em>complexu,</em></span> <span class='ocrx_word' id='word_1_65' title='bbox 1392 824 1562 864; x_wconf 82' lang='lat' dir='ltr'><em>trahere</em></span> <span class='ocrx_word' id='word_1_66' title='bbox 1581 825 1636 864; x_wconf 84' lang='lat' dir='ltr'><em>de</em></span> 
     </span>
     <span class='ocr_line' id='line_1_10' title="bbox 274 892 1636 945; baseline 0 -12"><span class='ocrx_word' id='word_1_67' title='bbox 274 893 403 933; x_wconf 85' lang='lat' dir='ltr'><em>invito</em></span> <span class='ocrx_word' id='word_1_68' title='bbox 432 892 543 933; x_wconf 91' lang='lat' dir='ltr'><em>omni</em></span> <span class='ocrx_word' id='word_1_69' title='bbox 573 892 734 939; x_wconf 84' lang='lat' dir='ltr'><strong>dicitur,</strong></span> <span class='ocrx_word' id='word_1_70' title='bbox 766 904 895 944; x_wconf 80' lang='lat' dir='ltr'><em>quare</em></span> <span class='ocrx_word' id='word_1_71' title='bbox 924 905 976 933; x_wconf 92' lang='lat' dir='ltr'><em>ne</em></span> <span class='ocrx_word' id='word_1_72' title='bbox 994 892 1096 933; x_wconf 78' lang='lat' dir='ltr'><em>haec</em></span> <span class='ocrx_word' id='word_1_73' title='bbox 1119 892 1287 945; x_wconf 88' lang='lat' dir='ltr'><em>quidem</em></span> <span class='ocrx_word' id='word_1_74' title='bbox 1303 892 1426 933; x_wconf 80' lang='lat' dir='ltr'><em>verba</em></span> <span class='ocrx_word' id='word_1_75' title='bbox 1445 897 1636 933; x_wconf 85' lang='lat' dir='ltr'><em>catenam</em></span> 
     </span>
     <span class='ocr_line' id='line_1_11' title="bbox 274 961 1636 1015; baseline 0 -14"><span class='ocrx_word' id='word_1_76' title='bbox 274 961 475 1014; x_wconf 79' lang='lat' dir='ltr'><em>flagitant3</em></span> <span class='ocrx_word' id='word_1_77' title='bbox 535 963 791 1013; x_wconf 82' lang='lat' dir='ltr'><em>quapropter</em></span> <span class='ocrx_word' id='word_1_78' title='bbox 832 961 975 1001; x_wconf 78' lang='lat' dir='ltr'><strong>literas</strong></span> <span class='ocrx_word' id='word_1_79' title='bbox 1012 962 1181 1002; x_wconf 82' lang='lat' dir='ltr'><em>rimatus</em></span> <span class='ocrx_word' id='word_1_80' title='bbox 1221 962 1387 1014; x_wconf 80' lang='lat' dir='ltr'><strong>scripsi,</strong></span> <span class='ocrx_word' id='word_1_81' title='bbox 1424 975 1550 1015; x_wconf 83' lang='lat' dir='ltr'><em>pone.</em></span> <span class='ocrx_word' id='word_1_82' title='bbox 1579 983 1636 991; x_wconf 92' lang='lat'>-</span> 
     </span>
     <span class='ocr_line' id='line_1_12' title="bbox 273 1028 1635 1082; baseline 0 -15"><span class='ocrx_word' id='word_1_83' title='bbox 273 1028 425 1081; x_wconf 77' lang='lat' dir='ltr'><em>IVeque</em></span> <span class='ocrx_word' id='word_1_84' title='bbox 461 1030 570 1068; x_wconf 84' lang='lat' dir='ltr'><em>enim</em></span> <span class='ocrx_word' id='word_1_85' title='bbox 605 1028 817 1081; x_wconf 79' lang='lat' dir='ltr'><em>magistr.)</em></span> <span class='ocrx_word' id='word_1_86' title='bbox 857 1029 974 1077; x_wconf 81' lang='lat' dir='ltr'><strong>libri,</strong></span> <span class='ocrx_word' id='word_1_87' title='bbox 1013 1042 1146 1082; x_wconf 78' lang='lat' dir='ltr'><em>neque</em></span> <span class='ocrx_word' id='word_1_88' title='bbox 1182 1028 1261 1075; x_wconf 77' lang='lat' dir='ltr'><em>ibi3</em></span> <span class='ocrx_word' id='word_1_89' title='bbox 1296 1028 1372 1068; x_wconf 81' lang='lat' dir='ltr'><em>sed</em></span> <span class='ocrx_word' id='word_1_90' title='bbox 1400 1028 1635 1081; x_wconf 84' lang='lat' dir='ltr'><em>polysynth.</em></span> 
     </span>
     <span class='ocr_line' id='line_1_13' title="bbox 274 1095 1635 1150; baseline 0 -14"><span class='ocrx_word' id='word_1_91' title='bbox 274 1096 344 1136; x_wconf 88' lang='lat' dir='ltr'><strong>hic</strong></span> <span class='ocrx_word' id='word_1_92' title='bbox 374 1096 617 1150; x_wconf 76' lang='lat' dir='ltr'><em>particulam</em></span> <span class='ocrx_word' id='word_1_93' title='bbox 645 1096 765 1137; x_wconf 77' lang='lat' dir='ltr'><strong>aliam</strong></span> <span class='ocrx_word' id='word_1_94' title='bbox 795 1095 1018 1146; x_wconf 77' lang='lat' dir='ltr'><strong>desiderat,</strong></span> <span class='ocrx_word' id='word_1_95' title='bbox 1049 1096 1160 1149; x_wconf 84' lang='lat' dir='ltr'><em>quod</em></span> <span class='ocrx_word' id='word_1_96' title='bbox 1189 1109 1265 1149; x_wconf 86' lang='lat' dir='ltr'><em>per</em></span> <span class='ocrx_word' id='word_1_97' title='bbox 1292 1095 1380 1144; x_wconf 83' lang='lat' dir='ltr'><em>sed,</em></span> <span class='ocrx_word' id='word_1_98' title='bbox 1397 1108 1507 1146; x_wconf 81' lang='lat' dir='ltr'><em>nam,</em></span> <span class='ocrx_word' id='word_1_99' title='bbox 1521 1109 1635 1144; x_wconf 82' lang='lat' dir='ltr'><em>vero,</em></span> 
     </span>
     <span class='ocr_line' id='line_1_14' title="bbox 278 1164 1636 1217; baseline -0.001 -13"><span class='ocrx_word' id='word_1_100' title='bbox 278 1166 387 1204; x_wconf 80' lang='lat' dir='ltr'><em>enim</em></span> <span class='ocrx_word' id='word_1_101' title='bbox 424 1164 507 1204; x_wconf 86' lang='lat' dir='ltr'><em>huc</em></span> <span class='ocrx_word' id='word_1_102' title='bbox 544 1165 640 1204; x_wconf 85' lang='lat' dir='ltr'><strong>illuc</strong></span> <span class='ocrx_word' id='word_1_103' title='bbox 678 1164 928 1205; x_wconf 80' lang='lat' dir='ltr'><em>audientium</em></span> <span class='ocrx_word' id='word_1_104' title='bbox 968 1165 1122 1204; x_wconf 83' lang='lat' dir='ltr'><em>animos</em></span> <span class='ocrx_word' id='word_1_105' title='bbox 1160 1176 1242 1203; x_wconf 89' lang='lat' dir='ltr'><em>non</em></span> <span class='ocrx_word' id='word_1_106' title='bbox 1270 1164 1360 1204; x_wconf 84' lang='lat' dir='ltr'><em>sine</em></span> <span class='ocrx_word' id='word_1_107' title='bbox 1388 1168 1476 1204; x_wconf 81' lang='lat' dir='ltr'><em>arte</em></span> <span class='ocrx_word' id='word_1_108' title='bbox 1505 1165 1636 1217; x_wconf 77' lang='lat' dir='ltr'><em>rapit3</em></span> 
     </span>
     <span class='ocr_line' id='line_1_15' title="bbox 276 1232 1636 1285; baseline 0.001 -13"><span class='ocrx_word' id='word_1_109' title='bbox 276 1232 475 1285; x_wconf 83' lang='lat' dir='ltr'><strong>rescripsi</strong></span> <span class='ocrx_word' id='word_1_110' title='bbox 501 1232 630 1284; x_wconf 82' lang='lat' dir='ltr'><em>igitur</em></span> <span class='ocrx_word' id='word_1_111' title='bbox 658 1233 778 1272; x_wconf 85' lang='lat' dir='ltr'><em>em‘m.</em></span> <span class='ocrx_word' id='word_1_112' title='bbox 809 1254 866 1263; x_wconf 91' lang='lat'><em>-</em></span> <span class='ocrx_word' id='word_1_113' title='bbox 894 1232 1119 1283; x_wconf 80' lang='lat' dir='ltr'><em>Dinarchi)</em></span> <span class='ocrx_word' id='word_1_114' title='bbox 1148 1232 1330 1273; x_wconf 79' lang='lat' dir='ltr'><em>Diarchi</em></span> <span class='ocrx_word' id='word_1_115' title='bbox 1343 1232 1393 1273; x_wconf 88' lang='grc' dir='ltr'><em>Ο.</em></span> <span class='ocrx_word' id='word_1_116' title='bbox 1423 1232 1636 1273; x_wconf 85' lang='lat' dir='ltr'><em>Diarchae</em></span> 
     </span>
     <span class='ocr_line' id='line_1_16' title="bbox 275 1299 1640 1354; baseline 0 -14"><span class='ocrx_word' id='word_1_117' title='bbox 275 1300 327 1341; x_wconf 88' lang='lat' dir='ltr'><em>R.</em></span> <span class='ocrx_word' id='word_1_118' title='bbox 357 1300 542 1339; x_wconf 82' lang='lat' dir='ltr'><em>correxit</em></span> <span class='ocrx_word' id='word_1_119' title='bbox 571 1299 650 1339; x_wconf 77' lang='lat' dir='ltr'><em>Rk.</em></span> <span class='ocrx_word' id='word_1_120' title='bbox 679 1322 737 1330; x_wconf 91' lang='lat'>—</span> <span class='ocrx_word' id='word_1_121' title='bbox 764 1302 928 1340; x_wconf 79' lang='lat' dir='ltr'><em>strenui</em></span> <span class='ocrx_word' id='word_1_122' title='bbox 951 1301 1051 1354; x_wconf 81' lang='lat' dir='ltr'><em>quid</em></span> <span class='ocrx_word' id='word_1_123' title='bbox 1064 1314 1194 1354; x_wconf 88' lang='lat' dir='ltr'><em>agere</em></span> <span class='ocrx_word' id='word_1_124' title='bbox 1212 1301 1326 1351; x_wconf 84' lang='lat' dir='ltr'><em>con.)</em></span> <span class='ocrx_word' id='word_1_125' title='bbox 1355 1305 1523 1340; x_wconf 81' lang='lat' dir='ltr'><em>strenue</em></span> <span class='ocrx_word' id='word_1_126' title='bbox 1540 1300 1640 1353; x_wconf 80' lang='lat' dir='ltr'><em>quid</em></span> 
     </span>
     <span class='ocr_line' id='line_1_17' title="bbox 275 1367 1638 1422; baseline 0.001 -13"><span class='ocrx_word' id='word_1_127' title='bbox 275 1372 456 1422; x_wconf 81' lang='lat' dir='ltr'><em>agerent</em></span> <span class='ocrx_word' id='word_1_128' title='bbox 490 1380 581 1408; x_wconf 83' lang='lat' dir='ltr'><em>con.</em></span> <span class='ocrx_word' id='word_1_129' title='bbox 621 1367 671 1407; x_wconf 90' lang='grc' dir='ltr'><em>Ο.</em></span> <span class='ocrx_word' id='word_1_130' title='bbox 710 1381 841 1421; x_wconf 84' lang='lat' dir='ltr'><em>agere</em></span> <span class='ocrx_word' id='word_1_131' title='bbox 877 1380 984 1407; x_wconf 81' lang='lat' dir='ltr'><em>corr.</em></span> <span class='ocrx_word' id='word_1_132' title='bbox 1020 1368 1098 1408; x_wconf 86' lang='lat' dir='ltr'><em>Rk.</em></span> <span class='ocrx_word' id='word_1_133' title='bbox 1156 1368 1240 1409; x_wconf 86' lang='lat' dir='ltr'><em>Sed</em></span> <span class='ocrx_word' id='word_1_134' title='bbox 1279 1368 1389 1408; x_wconf 78' lang='lat' dir='ltr'><strong>aliud</strong></span> <span class='ocrx_word' id='word_1_135' title='bbox 1419 1374 1638 1422; x_wconf 77' lang='lat' dir='ltr'><em>praeterea</em></span> 
     </span>
     <span class='ocr_line' id='line_1_18' title="bbox 274 1436 1638 1488; baseline -0.001 -11"><span class='ocrx_word' id='word_1_136' title='bbox 274 1437 419 1477; x_wconf 85' lang='lat' dir='ltr'><strong>vitium</strong></span> <span class='ocrx_word' id='word_1_137' title='bbox 455 1436 621 1477; x_wconf 84' lang='lat' dir='ltr'><em>latebat.</em></span> <span class='ocrx_word' id='word_1_138' title='bbox 661 1448 753 1475; x_wconf 85' lang='lat' dir='ltr'><em>nam</em></span> <span class='ocrx_word' id='word_1_139' title='bbox 794 1442 891 1488; x_wconf 88' lang='lat' dir='ltr'><em>post</em></span> <span class='ocrx_word' id='word_1_140' title='bbox 926 1450 1061 1476; x_wconf 80' lang='lat' dir='ltr'><em>acrem</em></span> <span class='ocrx_word' id='word_1_141' title='bbox 1102 1436 1344 1477; x_wconf 77' lang='lat' dir='ltr'><em>divisionem</em></span> <span class='ocrx_word' id='word_1_142' title='bbox 1375 1438 1539 1485; x_wconf 69' lang='lat' dir='ltr'><em>aum‘h&#39;z‘,</em></span> <span class='ocrx_word' id='word_1_143' title='bbox 1569 1442 1638 1477; x_wconf 74' lang='lat' dir='ltr'><em>aut</em></span> 
     </span>
     <span class='ocr_line' id='line_1_19' title="bbox 277 1504 1636 1558; baseline 0.001 -15"><span class='ocrx_word' id='word_1_144' title='bbox 277 1505 437 1544; x_wconf 71' lang='lat' dir='ltr'><em>silentio</em></span> <span class='ocrx_word' id='word_1_145' title='bbox 474 1510 546 1544; x_wconf 79' lang='lat' dir='ltr'><em>aut</em></span> <span class='ocrx_word' id='word_1_146' title='bbox 583 1505 768 1544; x_wconf 77' lang='lat' dir='ltr'><em>cc&#39;amore</em></span> <span class='ocrx_word' id='word_1_147' title='bbox 804 1504 981 1553; x_wconf 84' lang='lat' dir='ltr'><em>ferendi,</em></span> <span class='ocrx_word' id='word_1_148' title='bbox 1020 1518 1146 1557; x_wconf 80' lang='lat' dir='ltr'><em>agere</em></span> <span class='ocrx_word' id='word_1_149' title='bbox 1185 1505 1287 1558; x_wconf 81' lang='lat' dir='ltr'><em>quid</em></span> <span class='ocrx_word' id='word_1_150' title='bbox 1313 1508 1486 1545; x_wconf 86' lang='lat' dir='ltr'><em>strenue</em></span> <span class='ocrx_word' id='word_1_151' title='bbox 1516 1506 1636 1545; x_wconf 88' lang='lat' dir='ltr'><strong>nimis</strong></span> 
     </span>
     <span class='ocr_line' id='line_1_20' title="bbox 277 1571 1642 1626; baseline 0 -14"><span class='ocrx_word' id='word_1_152' title='bbox 277 1586 376 1626; x_wconf 70' lang='lat' dir='ltr'><em>vage</em></span> <span class='ocrx_word' id='word_1_153' title='bbox 403 1571 603 1621; x_wconf 83' lang='lat' dir='ltr'><em>infertur,</em></span> <span class='ocrx_word' id='word_1_154' title='bbox 645 1578 689 1611; x_wconf 83' lang='lat' dir='ltr'><em>et</em></span> <span class='ocrx_word' id='word_1_155' title='bbox 724 1572 845 1625; x_wconf 85' lang='lat' dir='ltr'><em>plane</em></span> <span class='ocrx_word' id='word_1_156' title='bbox 873 1573 1073 1619; x_wconf 56' lang='lat' dir='ltr'><em>abundum</em></span> <span class='ocrx_word' id='word_1_157' title='bbox 1112 1574 1250 1625; x_wconf 78' lang='lat' dir='ltr'><em>itaque</em></span> <span class='ocrx_word' id='word_1_158' title='bbox 1288 1575 1450 1613; x_wconf 79' lang='lat' dir='ltr'><em>correxi</em></span> <span class='ocrx_word' id='word_1_159' title='bbox 1479 1575 1642 1613; x_wconf 74' lang='lat' dir='ltr'><em>strenui</em></span> 
     </span>
     <span class='ocr_line' id='line_1_21' title="bbox 277 1640 1637 1693; baseline 0 -13"><span class='ocrx_word' id='word_1_160' title='bbox 277 1640 394 1693; x_wconf 70' lang='lat' dir='ltr'><em>qaid,</em></span> <span class='ocrx_word' id='word_1_161' title='bbox 431 1652 512 1693; x_wconf 89' lang='lat' dir='ltr'><em>quo</em></span> <span class='ocrx_word' id='word_1_162' title='bbox 549 1641 592 1679; x_wconf 85' lang='lat' dir='ltr'><em>in</em></span> <span class='ocrx_word' id='word_1_163' title='bbox 622 1652 743 1679; x_wconf 83' lang='lat' dir='ltr'><em>unam</em></span> <span class='ocrx_word' id='word_1_164' title='bbox 773 1640 982 1680; x_wconf 82' lang='lat' dir='ltr'><em>notionem</em></span> <span class='ocrx_word' id='word_1_165' title='bbox 1013 1640 1286 1681; x_wconf 78' lang='lat' dir='ltr'><em>adverbiaiem</em></span> <span class='ocrx_word' id='word_1_166' title='bbox 1316 1644 1535 1693; x_wconf 83' lang='lat' dir='ltr'><em>utrumque</em></span> <span class='ocrx_word' id='word_1_167' title='bbox 1564 1653 1637 1680; x_wconf 86' lang='lat' dir='ltr'><em>no-</em></span> 
     </span>
     <span class='ocr_line' id='line_1_22' title="bbox 278 1707 1636 1758; baseline 0 -10"><span class='ocrx_word' id='word_1_168' title='bbox 278 1721 373 1749; x_wconf 87' lang='lat' dir='ltr'><em>men</em></span> <span class='ocrx_word' id='word_1_169' title='bbox 414 1708 619 1747; x_wconf 80' lang='lat' dir='ltr'><strong>coalescit.</strong></span> <span class='ocrx_word' id='word_1_170' title='bbox 688 1707 834 1746; x_wconf 87' lang='lat' dir='ltr'><em>Posset</em></span> <span class='ocrx_word' id='word_1_171' title='bbox 871 1708 1015 1758; x_wconf 79' lang='lat' dir='ltr'><strong>aliquis</strong></span> <span class='ocrx_word' id='word_1_172' title='bbox 1055 1708 1178 1747; x_wconf 76' lang='lat' dir='ltr'><em>eiiam</em></span> <span class='ocrx_word' id='word_1_173' title='bbox 1217 1708 1390 1747; x_wconf 81' lang='lat' dir='ltr'><em>haerere</em></span> <span class='ocrx_word' id='word_1_174' title='bbox 1428 1709 1470 1748; x_wconf 90' lang='lat' dir='ltr'><em>in</em></span> <span class='ocrx_word' id='word_1_175' title='bbox 1511 1709 1636 1748; x_wconf 80' lang='lat' dir='ltr'><em>verbo</em></span> 
     </span>
     <span class='ocr_line' id='line_1_23' title="bbox 271 1774 1637 1828; baseline 0.001 -14"><span class='ocrx_word' id='word_1_176' title='bbox 271 1779 484 1828; x_wconf 74' lang='lat' dir='ltr'><em>poterant.</em></span> <span class='ocrx_word' id='word_1_177' title='bbox 543 1774 646 1814; x_wconf 82' lang='lat' dir='ltr'><em>Nam</em></span> <span class='ocrx_word' id='word_1_178' title='bbox 666 1787 757 1814; x_wconf 19' lang='lat' dir='ltr'><em>*non</em></span> <span class='ocrx_word' id='word_1_179' title='bbox 789 1774 886 1827; x_wconf 86' lang='lat' dir='ltr'><strong>quid</strong></span> <span class='ocrx_word' id='word_1_180' title='bbox 915 1775 1126 1827; x_wconf 86' lang='lat' dir='ltr'><em>potuerint</em></span> <span class='ocrx_word' id='word_1_181' title='bbox 1155 1776 1275 1823; x_wconf 82' lang='lat' dir='ltr'><strong>socii,</strong></span> <span class='ocrx_word' id='word_1_182' title='bbox 1307 1776 1532 1828; x_wconf 81' lang='lat' dir='ltr'><strong>quaeritur,</strong></span> <span class='ocrx_word' id='word_1_183' title='bbox 1563 1776 1637 1816; x_wconf 81' lang='lat' dir='ltr'><em>sed</em></span> 
     </span>
     <span class='ocr_line' id='line_1_24' title="bbox 277 1842 1638 1896; baseline 0 -12"><span class='ocrx_word' id='word_1_184' title='bbox 277 1843 375 1896; x_wconf 83' lang='lat' dir='ltr'><strong>quid</strong></span> <span class='ocrx_word' id='word_1_185' title='bbox 405 1843 492 1883; x_wconf 84' lang='lat' dir='ltr'><strong>ausi</strong></span> <span class='ocrx_word' id='word_1_186' title='bbox 529 1842 629 1893; x_wconf 86' lang='lat' dir='ltr'><strong>sint,</strong></span> <span class='ocrx_word' id='word_1_187' title='bbox 668 1847 713 1883; x_wconf 87' lang='lat' dir='ltr'><em>et</em></span> <span class='ocrx_word' id='word_1_188' title='bbox 752 1855 872 1895; x_wconf 85' lang='lat' dir='ltr'><em>quam</em></span> <span class='ocrx_word' id='word_1_189' title='bbox 911 1856 957 1883; x_wconf 88' lang='lat' dir='ltr'><em>se</em></span> <span class='ocrx_word' id='word_1_190' title='bbox 993 1842 1127 1883; x_wconf 85' lang='lat' dir='ltr'><em>fortes</em></span> <span class='ocrx_word' id='word_1_191' title='bbox 1167 1844 1446 1896; x_wconf 84' lang='lat' dir='ltr'><em>praebuerint.</em></span> <span class='ocrx_word' id='word_1_192' title='bbox 1515 1844 1638 1896; x_wconf 83' lang='lat' dir='ltr'><strong>Quid,</strong></span> 
     </span>
     <span class='ocr_line' id='line_1_25' title="bbox 277 1911 1639 1966; baseline 0.001 -15"><span class='ocrx_word' id='word_1_193' title='bbox 277 1911 386 1963; x_wconf 85' lang='lat' dir='ltr'><em>quod</em></span> <span class='ocrx_word' id='word_1_194' title='bbox 417 1912 541 1951; x_wconf 81' lang='lat' dir='ltr'><em>etiam</em></span> <span class='ocrx_word' id='word_1_195' title='bbox 572 1911 794 1951; x_wconf 82' lang='lat' dir='ltr'><em>absurdum</em></span> <span class='ocrx_word' id='word_1_196' title='bbox 824 1914 915 1950; x_wconf 83' lang='lat' dir='ltr'><em>erat</em></span> <span class='ocrx_word' id='word_1_197' title='bbox 944 1911 1124 1952; x_wconf 82' lang='lat' dir='ltr'><em>irridere</em></span> <span class='ocrx_word' id='word_1_198' title='bbox 1145 1913 1379 1966; x_wconf 85' lang='lat' dir='ltr'><em>praeclara</em></span> <span class='ocrx_word' id='word_1_199' title='bbox 1409 1926 1458 1952; x_wconf 88' lang='lat' dir='ltr'><strong>ca</strong></span> <span class='ocrx_word' id='word_1_200' title='bbox 1476 1913 1639 1952; x_wconf 71' lang='lat' dir='ltr'><em>aua-ilia</em></span> 
     </span>
     <span class='ocr_line' id='line_1_26' title="bbox 278 1978 1637 2033; baseline 0.001 -14"><span class='ocrx_word' id='word_1_201' title='bbox 278 1981 315 2019; x_wconf 88' lang='lat' dir='ltr'><em>si</em></span> <span class='ocrx_word' id='word_1_202' title='bbox 344 1980 446 2019; x_wconf 87' lang='lat' dir='ltr'><strong>nihii</strong></span> <span class='ocrx_word' id='word_1_203' title='bbox 469 1984 673 2032; x_wconf 80' lang='lat' dir='ltr'><em>poterant</em></span> <span class='ocrx_word' id='word_1_204' title='bbox 698 1979 871 2020; x_wconf 69' lang='lat' dir='ltr'><em>facere?</em></span> <span class='ocrx_word' id='word_1_205' title='bbox 924 1978 1106 2020; x_wconf 82' lang='lat' dir='ltr'><em>Videtur</em></span> <span class='ocrx_word' id='word_1_206' title='bbox 1142 1986 1280 2020; x_wconf 71' lang='lat' dir='ltr'><em>autem</em></span> <span class='ocrx_word' id='word_1_207' title='bbox 1309 1993 1449 2033; x_wconf 84' lang='lat' dir='ltr'><em>posse,</em></span> <span class='ocrx_word' id='word_1_208' title='bbox 1479 1979 1637 2021; x_wconf 83' lang='lat' dir='ltr'><em>Gracco</em></span> 
     </span>
     <span class='ocr_line' id='line_1_27' title="bbox 277 2042 1638 2099; baseline 0.001 -13"><span class='ocrx_word' id='word_1_209' title='bbox 277 2058 415 2094; x_wconf 83' lang='lat' dir='ltr'><strong>more,</strong></span> <span class='ocrx_word' id='word_1_210' title='bbox 445 2047 571 2098; x_wconf 80' lang='lat' dir='ltr'><em>magis</em></span> <span class='ocrx_word' id='word_1_211' title='bbox 602 2048 700 2098; x_wconf 82' lang='lat' dir='ltr'><strong>quid</strong></span> <span class='ocrx_word' id='word_1_212' title='bbox 729 2048 853 2087; x_wconf 84' lang='lat' dir='ltr'><strong>animi</strong></span> <span class='ocrx_word' id='word_1_213' title='bbox 893 2042 1087 2099; x_wconf 78' lang='grc' dir='ltr'><em>δυνάμει</em></span> <span class='ocrx_word' id='word_1_214' title='bbox 1135 2051 1176 2086; x_wconf 88' lang='lat' dir='ltr'><em>et</em></span> <span class='ocrx_word' id='word_1_215' title='bbox 1213 2047 1253 2086; x_wconf 75' lang='lat' dir='ltr'><em>vi</em></span> <span class='ocrx_word' id='word_1_216' title='bbox 1292 2048 1514 2095; x_wconf 77' lang='lat' dir='ltr'><em>valuerint,</em></span> <span class='ocrx_word' id='word_1_217' title='bbox 1573 2048 1638 2087; x_wconf 79' lang='lat' dir='ltr'><em>vei</em></span> 
     </span>
     <span class='ocr_line' id='line_1_28' title="bbox 278 2114 1639 2168; baseline 0.001 -14"><span class='ocrx_word' id='word_1_218' title='bbox 278 2115 416 2168; x_wconf 85' lang='lat' dir='ltr'><em>potius</em></span> <span class='ocrx_word' id='word_1_219' title='bbox 446 2127 528 2153; x_wconf 85' lang='lat' dir='ltr'><em>non</em></span> <span class='ocrx_word' id='word_1_220' title='bbox 558 2114 776 2161; x_wconf 76' lang='lat' dir='ltr'><em>valuerint,</em></span> <span class='ocrx_word' id='word_1_221' title='bbox 807 2115 1058 2164; x_wconf 80' lang='lat' dir='ltr'><em>describere,</em></span> <span class='ocrx_word' id='word_1_222' title='bbox 1091 2128 1208 2167; x_wconf 84' lang='lat' dir='ltr'><em>qnam</em></span> <span class='ocrx_word' id='word_1_223' title='bbox 1239 2116 1335 2167; x_wconf 89' lang='lat' dir='ltr'><strong>quid</strong></span> <span class='ocrx_word' id='word_1_224' title='bbox 1368 2116 1531 2155; x_wconf 86' lang='lat' dir='ltr'><em>omnino</em></span> <span class='ocrx_word' id='word_1_225' title='bbox 1561 2129 1639 2168; x_wconf 81' lang='lat' dir='ltr'><em>per</em></span> 
     </span>
     <span class='ocr_line' id='line_1_29' title="bbox 278 2182 1636 2236; baseline 0 -14"><span class='ocrx_word' id='word_1_226' title='bbox 278 2195 351 2222; x_wconf 85' lang='lat' dir='ltr'><em>eos</em></span> <span class='ocrx_word' id='word_1_227' title='bbox 393 2182 575 2234; x_wconf 76' lang='lat' dir='ltr'><em>potuerit</em></span> <span class='ocrx_word' id='word_1_228' title='bbox 612 2182 718 2220; x_wconf 79' lang='lat' dir='ltr'><em>fieri.</em></span> <span class='ocrx_word' id='word_1_229' title='bbox 748 2204 805 2210; x_wconf 87' lang='lat'><em>-—</em></span> <span class='ocrx_word' id='word_1_230' title='bbox 844 2182 1050 2234; x_wconf 74' lang='lat' dir='ltr'><em>erigebat)</em></span> <span class='ocrx_word' id='word_1_231' title='bbox 1089 2182 1283 2236; x_wconf 71' lang='lat' dir='ltr'><em>exigebat</em></span> <span class='ocrx_word' id='word_1_232' title='bbox 1308 2184 1359 2224; x_wconf 88' lang='lat'><em>0.</em></span> <span class='ocrx_word' id='word_1_233' title='bbox 1391 2184 1570 2224; x_wconf 80' lang='lat' dir='ltr'><em>correxit</em></span> <span class='ocrx_word' id='word_1_234' title='bbox 1596 2182 1636 2222; x_wconf 82' lang='lat' dir='ltr'><em>J.</em></span> 
     </span>
     <span class='ocr_line' id='line_1_30' title="bbox 278 2248 852 2302; baseline -0.003 -11"><span class='ocrx_word' id='word_1_235' title='bbox 278 2250 328 2292; x_wconf 76' lang='lat' dir='ltr'><em>F.</em></span> <span class='ocrx_word' id='word_1_236' title='bbox 357 2250 601 2302; x_wconf 75' lang='lat' dir='ltr'><strong>Heusinger,</strong></span> <span class='ocrx_word' id='word_1_237' title='bbox 631 2250 746 2301; x_wconf 86' lang='lat' dir='ltr'><em>prob.</em></span> <span class='ocrx_word' id='word_1_238' title='bbox 774 2248 852 2289; x_wconf 80' lang='lat' dir='ltr'><em>Rk.</em></span> 
     </span>
    </p>

    <p class='ocr_par' dir='ltr' id='par_1_4' title="bbox 277 2317 1638 2577">
     <span class='ocr_line' id='line_1_31' title="bbox 391 2317 1638 2373; baseline 0.002 -15"><span class='ocrx_word' id='word_1_239' title='bbox 391 2317 486 2359; x_wconf 87' lang='lat' dir='ltr'><em>XV.</em></span> <span class='ocrx_word' id='word_1_240' title='bbox 523 2318 719 2371; x_wconf 74' lang='lat' dir='ltr'><em>Dialysis.</em></span> <span class='ocrx_word' id='word_1_241' title='bbox 760 2318 967 2369; x_wconf 81' lang='lat' dir='ltr'><em>articulis)</em></span> <span class='ocrx_word' id='word_1_242' title='bbox 1013 2319 1161 2359; x_wconf 87' lang='lat' dir='ltr'><em>mirum</em></span> <span class='ocrx_word' id='word_1_243' title='bbox 1198 2318 1411 2373; x_wconf 83' lang='lat' dir='ltr'><em>profecto,</em></span> <span class='ocrx_word' id='word_1_244' title='bbox 1447 2319 1557 2372; x_wconf 87' lang='lat' dir='ltr'><em>quod</em></span> <span class='ocrx_word' id='word_1_245' title='bbox 1594 2320 1638 2361; x_wconf 86' lang='lat' dir='ltr'><em>in</em></span> 
     </span>
     <span class='ocr_line' id='line_1_32' title="bbox 277 2386 1637 2440; baseline 0.001 -14"><span class='ocrx_word' id='word_1_246' title='bbox 277 2386 488 2427; x_wconf 82' lang='lat' dir='ltr'><em>contrario</em></span> <span class='ocrx_word' id='word_1_247' title='bbox 518 2387 727 2427; x_wconf 84' lang='lat' dir='ltr'><em>schemate</em></span> <span class='ocrx_word' id='word_1_248' title='bbox 756 2388 942 2427; x_wconf 65' lang='lat' dir='ltr'><em>articulis</em></span> <span class='ocrx_word' id='word_1_249' title='bbox 979 2387 1031 2428; x_wconf 88' lang='lat' dir='ltr'><em>de</em></span> <span class='ocrx_word' id='word_1_250' title='bbox 1069 2389 1169 2440; x_wconf 83' lang='lat' dir='ltr'><strong>ipsis</strong></span> <span class='ocrx_word' id='word_1_251' title='bbox 1206 2388 1401 2428; x_wconf 81' lang='lat' dir='ltr'><strong>orationis</strong></span> <span class='ocrx_word' id='word_1_252' title='bbox 1429 2388 1637 2436; x_wconf 84' lang='lat' dir='ltr'><em>membris,</em></span> 
     </span>
     <span class='ocr_line' id='line_1_33' title="bbox 277 2454 1638 2506; baseline 0.002 -14"><span class='ocrx_word' id='word_1_253' title='bbox 277 2456 345 2494; x_wconf 81' lang='lat' dir='ltr'><em>hic</em></span> <span class='ocrx_word' id='word_1_254' title='bbox 383 2454 437 2494; x_wconf 87' lang='lat' dir='ltr'><em>de</em></span> <span class='ocrx_word' id='word_1_255' title='bbox 476 2455 673 2494; x_wconf 77' lang='lat' dir='ltr'><em>orationis</em></span> <span class='ocrx_word' id='word_1_256' title='bbox 713 2456 871 2506; x_wconf 80' lang='lat' dir='ltr'><strong>copuiis</strong></span> <span class='ocrx_word' id='word_1_257' title='bbox 914 2456 975 2494; x_wconf 88' lang='lat' dir='ltr'><em>uti</em></span> <span class='ocrx_word' id='word_1_258' title='bbox 1022 2456 1171 2504; x_wconf 80' lang='lat' dir='ltr'><em>voluit3</em></span> <span class='ocrx_word' id='word_1_259' title='bbox 1227 2455 1340 2495; x_wconf 89' lang='lat' dir='ltr'><em>unde</em></span> <span class='ocrx_word' id='word_1_260' title='bbox 1377 2455 1638 2495; x_wconf 83' lang='lat' dir='ltr'><strong>scribendum</strong></span> 
     </span>
     <span class='ocr_line' id='line_1_34' title="bbox 278 2522 983 2577; baseline -0.003 -14"><span class='ocrx_word' id='word_1_261' title='bbox 278 2525 477 2575; x_wconf 76' lang='lat' dir='ltr'><em>suspicor,</em></span> <span class='ocrx_word' id='word_1_262' title='bbox 508 2522 783 2563; x_wconf 76' lang='lat' dir='ltr'><em>articulorum</em></span> <span class='ocrx_word' id='word_1_263' title='bbox 812 2524 983 2577; x_wconf 80' lang='lat' dir='ltr'><em>copulis.</em></span> 
     </span>
    </p>

    <p class='ocr_par' dir='ltr' id='par_1_5' title="bbox 279 2589 1639 2848">
     <span class='ocr_line' id='line_1_35' title="bbox 390 2589 1636 2645; baseline 0.001 -17"><span class='ocrx_word' id='word_1_264' title='bbox 390 2590 646 2643; x_wconf 73' lang='lat' dir='ltr'><em>Daphnidis)</em></span> <span class='ocrx_word' id='word_1_265' title='bbox 676 2590 867 2643; x_wconf 75' lang='lat' dir='ltr'><em>Daphnis</em></span> <span class='ocrx_word' id='word_1_266' title='bbox 898 2591 944 2631; x_wconf 83' lang='lat' dir='ltr'><em>L.</em></span> <span class='ocrx_word' id='word_1_267' title='bbox 976 2591 1003 2630; x_wconf 85' lang='lat'><em>1.</em></span> <span class='ocrx_word' id='word_1_268' title='bbox 1034 2590 1087 2632; x_wconf 88' lang='lat' dir='ltr'><em>V.</em></span> <span class='ocrx_word' id='word_1_269' title='bbox 1116 2590 1167 2631; x_wconf 90' lang='lat' dir='ltr'><em>R.</em></span> <span class='ocrx_word' id='word_1_270' title='bbox 1196 2590 1237 2631; x_wconf 87' lang='lat' dir='ltr'><em>S.</em></span> <span class='ocrx_word' id='word_1_271' title='bbox 1271 2589 1505 2645; x_wconf 76' lang='lat' dir='ltr'><em>Daphnidis</em></span> <span class='ocrx_word' id='word_1_272' title='bbox 1522 2590 1571 2630; x_wconf 77' lang='lat' dir='ltr'><em>E.</em></span> <span class='ocrx_word' id='word_1_273' title='bbox 1587 2589 1636 2630; x_wconf 84' lang='lat' dir='ltr'><em>A.</em></span> 
     </span>
     <span class='ocr_line' id='line_1_36' title="bbox 280 2657 1637 2712; baseline 0.002 -16"><span class='ocrx_word' id='word_1_274' title='bbox 280 2659 445 2709; x_wconf 84' lang='lat' dir='ltr'><em>recepit</em></span> <span class='ocrx_word' id='word_1_275' title='bbox 472 2659 549 2700; x_wconf 84' lang='lat' dir='ltr'><em>Rk.</em></span> <span class='ocrx_word' id='word_1_276' title='bbox 578 2681 635 2689; x_wconf 91' lang='lat'><em>-</em></span> <span class='ocrx_word' id='word_1_277' title='bbox 663 2660 839 2711; x_wconf 55' lang='lat' dir='ltr'><em>nomine)</em></span> <span class='ocrx_word' id='word_1_278' title='bbox 877 2658 1116 2712; x_wconf 85' lang='lat' dir='ltr'><em>Legendum</em></span> <span class='ocrx_word' id='word_1_279' title='bbox 1144 2658 1308 2699; x_wconf 82' lang='lat' dir='ltr'><em>videtur</em></span> <span class='ocrx_word' id='word_1_280' title='bbox 1334 2660 1537 2700; x_wconf 79' lang='lat' dir='ltr'><em>molimini</em></span> <span class='ocrx_word' id='word_1_281' title='bbox 1561 2657 1637 2699; x_wconf 79' lang='lat' dir='ltr'><em>Rk.</em></span> 
     </span>
     <span class='ocr_line' id='line_1_37' title="bbox 280 2724 1638 2780; baseline 0.002 -16"><span class='ocrx_word' id='word_1_282' title='bbox 280 2724 376 2764; x_wconf 90' lang='lat' dir='ltr'><em>Non</em></span> <span class='ocrx_word' id='word_1_283' title='bbox 405 2729 523 2776; x_wconf 82' lang='lat' dir='ltr'><em>puto3</em></span> <span class='ocrx_word' id='word_1_284' title='bbox 553 2740 702 2767; x_wconf 73' lang='lat' dir='ltr'><em>nomen</em></span> <span class='ocrx_word' id='word_1_285' title='bbox 734 2730 800 2768; x_wconf 78' lang='lat' dir='ltr'><em>est</em></span> <span class='ocrx_word' id='word_1_286' title='bbox 827 2728 1063 2777; x_wconf 81' lang='lat' dir='ltr'><strong>auctoritas,</strong></span> <span class='ocrx_word' id='word_1_287' title='bbox 1094 2730 1139 2768; x_wconf 84' lang='lat' dir='ltr'><em>et</em></span> <span class='ocrx_word' id='word_1_288' title='bbox 1168 2727 1324 2780; x_wconf 84' lang='lat' dir='ltr'><em>optime</em></span> <span class='ocrx_word' id='word_1_289' title='bbox 1351 2725 1576 2779; x_wconf 83' lang='lat' dir='ltr'><em>respondet</em></span> <span class='ocrx_word' id='word_1_290' title='bbox 1598 2726 1638 2767; x_wconf 86' lang='lat' dir='ltr'><em>ei</em></span> 
     </span>
     <span class='ocr_line' id='line_1_38' title="bbox 279 2793 1639 2848; baseline 0.002 -17"><span class='ocrx_word' id='word_1_291' title='bbox 279 2793 502 2845; x_wconf 84' lang='lat' dir='ltr'><em>insequens</em></span> <span class='ocrx_word' id='word_1_292' title='bbox 531 2797 677 2834; x_wconf 76' lang='lat' dir='ltr'><em>vereri.</em></span> <span class='ocrx_word' id='word_1_293' title='bbox 707 2818 763 2826; x_wconf 94' lang='lat'>-</span> <span class='ocrx_word' id='word_1_294' title='bbox 798 2797 1116 2848; x_wconf 81' lang='lat' dir='ltr'><em>protervitatem</em></span> <span class='ocrx_word' id='word_1_295' title='bbox 1152 2795 1434 2848; x_wconf 86' lang='lat' dir='ltr'><em>compescere)</em></span> <span class='ocrx_word' id='word_1_296' title='bbox 1459 2796 1639 2847; x_wconf 78' lang='lat' dir='ltr'><em>posteri-</em></span> 
     </span>
    </p>
   </div>
   <div class='ocr_carea' id='block_1_3' title="bbox 1778 0 1793 970">
    <p class='ocr_par' dir='ltr' id='par_1_6' title="bbox 1778 0 1793 970">
     <span class='ocr_line' id='line_1_39' title="bbox 1778 0 1793 748; baseline 0 36"><span class='ocrx_word' id='word_1_297' title='bbox 1778 0 1793 748; x_wconf 55' lang='grc' dir='ltr'>ι</span> 
     </span>
     <span class='ocr_line' id='line_1_40' title="bbox 1780 857 1793 886; baseline 0 0"><span class='ocrx_word' id='word_1_298' title='bbox 1780 857 1793 886; x_wconf 60' lang='lat' dir='ltr'><em>‘ss</em></span> 
     </span>
     <span class='ocr_line' id='line_1_41' title="bbox 1781 889 1793 948; baseline 0 -46"><span class='ocrx_word' id='word_1_299' title='bbox 1781 889 1793 948; x_wconf 51' lang='grc' dir='ltr'>ᾖ</span> 
     </span>
     <span class='ocr_line' id='line_1_42' title="bbox 1788 941 1793 970; baseline 0 0"><span class='ocrx_word' id='word_1_300' title='bbox 1788 941 1793 970; x_wconf 44' lang='lat' dir='ltr'><em>*f</em></span> 
     </span>
    </p>
   </div>
  </div>
 </body>
</html>
