1793 3207
523 647 587 705 P.
639 645 1019 705 RUTILII
1081 645 1297 703 LUPI

870 781 947 817 DE

245 881 676 956 FIGURIS
724 879 1574 956 SENTENTIARUM

871 1034 949 1070 ET

597 1127 1225 1196 ELOCUTIONIS

547 1274 797 1322 LIBER
856 1272 1272 1323 SECUNDUS.

342 1474 374 1517 l.
403 1472 730 1517 METABASIS.
766 1474 858 1517 Hoc
886 1476 1049 1517 duobus
1077 1473 1214 1516 modis
1241 1473 1337 1515 fieri
1365 1473 1485 1514 solet.
1522 1473 1587 1514 Ex

228 1554 376 1609 quibus
404 1567 532 1595 uuum
560 1566 689 1608 genus
720 1557 785 1600 est
812 1555 1038 1606 eiusmodi,
1076 1567 1170 1596 cum
1207 1553 1256 1595 ab
1296 1565 1344 1595 ea
1372 1552 1587 1603 sententia,

227 1646 347 1689 quam
384 1634 700 1688 proposuimus,
745 1636 1022 1676 convertimus
1060 1635 1112 1675 ad
1149 1635 1325 1687 aliquam
1369 1645 1588 1686 personam

227 1716 298 1754 aut
325 1726 435 1763 rem,
478 1713 541 1767 [ut
569 1712 816 1769 fortunam‚]
857 1718 901 1755 et
928 1717 1122 1768 tanquam
1151 1716 1415 1767 praesentem
1443 1711 1587 1767 appel-

176 1792 204 1836 5
226 1792 368 1843 lamus,
397 1793 457 1833 ita
484 1793 543 1832 uti
571 1791 674 1834 fecit
702 1793 867 1846 Myron.
923 1792 1048 1834 Haec
1075 1793 1224 1833 mulier
1251 1805 1386 1845 nuper
1404 1792 1495 1843 suit
1524 1792 1586 1831 lo-

226 1873 370 1926 cuples
399 1876 441 1913 et
461 1876 642 1926 poten83
670 1873 715 1912 z‘n
743 1886 890 1913 amore
918 1877 1043 1926 atque
1058 1860 1213 1913 deliciae
1229 1872 1562 1912 necessariorum
1568 1884 1586 1918 ‚-

229 1955 404 1992 omatus
421 1953 465 1991 ei
476 1965 529 1991 ex
546 1951 689 2004 opibus
709 1951 973 1999 abundabat,·
1001 1964 1179 2006 magnus
1197 1951 1459 1999 ancillarum,
1477 1962 1587 2003 quae

228 2028 520 2083 sequebantur,
560 2032 803 2078 contituta&
842 2030 890 2083 [a
927 2031 1107 2080 cunctis,
1147 2030 1219 2082 qui
1247 2029 1407 2069 obviam
1445 2033 1587 2070 essent

228 2108 342 2157 facti,
371 2108 562 2160 comiter]
594 2108 899 2162 appellabatur.
928 2107 1058 2148 Nunc
1086 2111 1235 2149 contra
1262 2107 1394 2148 subito
1412 2112 1453 2148 et
1462 2109 1590 2161 gravi

151 2184 208 2230 10
230 2199 333 2229 casu
362 2186 525 2239 afflicta
552 2188 622 2227 viz·
650 2186 868 2227 mediocria
896 2186 1120 2227 ancillulae
1154 2186 1394 2240 dignitatem
1423 2189 1584 2228 relinet.

235 2267 274 2306 0
294 2265 492 2318 fortuna,
521 2278 645 2319 quam
674 2265 934 2306 vehementer
963 2269 1005 2305 te
1032 2278 1174 2306 rerum
1192 2268 1374 2306 varietas
1393 2266 1583 2318 oblectat,

227 2350 273 2387 et
300 2359 426 2400 quam
454 2358 609 2400 magno
639 2345 733 2387 odio
770 2351 832 2386 est
868 2346 944 2388 tibi
974 2346 1121 2387 beatae
1153 2348 1262 2387 vitae
1284 2352 1516 2402 perpetuus
1544 2351 1585 2387 et

228 2429 425 2469 constans
443 2425 645 2480 fructus!
671 2426 863 2469 Alterum
890 2439 1021 2480 genus
1051 2429 1125 2478 est,
1153 2439 1247 2468 cum
1276 2426 1396 2467 aliam
1423 2439 1515 2468 rem
1542 2429 1585 2468 et

231 2507 461 2547 orationem
508 2506 561 2548 ad
598 2505 642 2548 id
682 2506 793 2559 quod
836 2506 1119 2548 demonstrare
1162 2506 1410 2546 instituimus
1457 2509 1584 2559 atque

152 2580 210 2627 15
231 2585 432 2626 actionem
467 2591 652 2627 nostram
688 2597 938 2628 revocamus.
995 2585 1307 2628 Demosthenis:
1347 2584 1435 2626 Sed
1466 2586 1584 2626 nimi-

226 2676 324 2704 rum
350 2664 567 2716 inopinans
594 2665 724 2706 umidi
746 2667 790 2707 in
818 2678 989 2708 oausam
1016 2666 1215 2720 temporis
1243 2664 1364 2706 Ιιαῐαε
1392 2664 1584 2715 ah'enam,

226 2776 273 2813 1⁰
317 2774 509 2811 ancillulae
537 2774 779 2823 dignitatem)
811 2778 838 2814 i.
863 2790 896 2814 c.
935 2777 1159 2825 dignitatem
1199 2776 1394 2824 exiguam,
1434 2774 1581 2820 qualem

318 2831 433 2870 unius
456 2829 658 2869 ancillulae
680 2833 881 2871 comitatus
904 2833 1053 2872 tribuit.
