1793 3207
874 238 941 285 24

229 390 470 442 sequenter,
525 385 586 427 ita
624 387 670 425 ut
709 382 817 427 fecit
863 385 1102 428 Demetrius
1147 385 1397 433 Phalereus:
1455 387 1587 431 Nobis

222 468 403 522 primum
431 463 493 504 dii
515 464 771 505 immortales
799 466 958 520 fruges
995 464 1222 512 dederam,-
1251 481 1341 516 nos,
1372 470 1484 523 quod
1509 469 1591 510 soli

229 547 483 600 accepimus,
514 557 598 599 per
637 557 779 586 omnes
817 551 955 587 terras
984 544 1275 586 distribuimus.
1334 546 1469 589 Nobis
1496 564 1586 591 ma-

227 628 339 667 iores
367 626 504 667 nostri
528 625 825 680 rempublicam
863 626 1143 680 reliquerunt3
1180 639 1258 666 nos
1294 627 1418 666 etiam
1454 631 1592 670 socios

179 703 207 746 5
228 713 395 749 nostros
424 707 477 747 de
514 708 709 747 servitute
748 708 984 760 eripuimus.
1051 706 1200 760 Itaque
1235 712 1276 747 et
1312 707 1588 761 amplissimus

230 789 346 831 nobis
373 788 503 829 honos
531 786 583 827 ab
614 785 799 828 omnibus
836 786 1031 838 habetur,
1070 792 1111 827 et
1137 792 1318 842 propter
1357 787 1477 829 huius
1512 787 1587 830 720-

229 872 345 909 noris
373 869 616 922 dignitatem
644 866 865 920 superbiae
893 872 1065 908 nostrae
1099 882 1222 910 nemo
1259 871 1475 923 vestigium
1509 882 1585 910 es-

221 950 427 1003 periatur.

342 1027 474 1069 XVH.
504 1026 799 1068 EPITROPE.
859 1027 950 1067 Hoc
978 1027 1071 1068 fieri
1100 1028 1227 1080 solet,
1255 1041 1346 1068 cum
1374 1028 1494 1069 alicui
1522 1030 1586 1070 rei

153 1101 208 1144 10
231 1109 498 1150 vehementer
527 1108 794 1156 confidimus,
834 1111 878 1147 et
906 1108 958 1147 de
987 1112 1127 1147 nostro
1155 1108 1246 1148 iure
1273 1108 1475 1148 iudicibus
1504 1109 1585 1148 lar-

230 1188 377 1243 gimur,
407 1190 464 1239 ut,
494 1186 832 1240 quemadmodum
847 1186 1035 1227 videatur
1049 1186 1144 1237 illis,
1173 1187 1429 1238 constituant,
1460 1191 1584 1241 utque

231 1279 282 1307 eo
310 1279 539 1320 pareamus.
598 1266 845 1319 Hyperidis:
886 1265 975 1306 Sed
1010 1279 1088 1320 ego
1117 1269 1222 1318 iam,
1260 1267 1435 1316 iude'ces,
1472 1281 1585 1308 sum-

227 1359 343 1387 mum
372 1359 423 1387 ac
463 1346 714 1399 legitimum,
772 1344 886 1398 quod
912 1347 1105 1399 exposui,
1161 1358 1281 1386 meae
1319 1360 1493 1387 caussae
1520 1348 1585 1388 ius

229 1428 395 1473 omitto‚·
414 1425 549 1473 'vobi-s,
579 1424 691 1478 quod
717 1426 1008 1477 aequissimum
1035 1424 1238 1475 videatur,
1267 1430 1316 1465 ut
1328 1428 1585 1468 constituatis

150 1504 205 1549 15
221 1507 434 1560 permitto.
493 1504 595 1545 Non
635 1505 745 1544 enim
779 1517 949 1554 vereor,
988 1506 1109 1559 quin,
1148 1506 1315 1546 etiamsi
1346 1507 1401 1546 sit
1431 1519 1583 1548 novum

226 1585 338 1626 vobis
365 1584 682 1631 instituendum,
714 1584 979 1636 [instituatis;
1009 1584 1185 1637 nedum]
1217 1585 1387 1626 lebenter
1414 1586 1461 1626 id
1475 1586 1588 1640 quod

218 1666 388 1720 postulo
422 1669 601 1719 propter
635 1665 857 1705 utilitatem
901 1666 1129 1705 communis
1175 1665 1482 1706 consuetudinis
1517 1679 1584 1708 se·-

225 1746 421 1800 quamini.

338 1825 487 1867 xvnl.
517 1823 847 1867 PARRHESIA.
906 1824 1017 1865 Fere
1045 1824 1293 1865 contrarium
1323 1829 1388 1866 est
1415 1825 1496 1866 hoc
1514 1839 1583 1867 su-

148 1902 205 1946 20
227 1907 394 1960 periuri.
451 1906 556 1958 Nem
591 1905 634 1945 in
673 1904 753 1945 hoc
791 1904 1061 1945 vehementer
1096 1918 1189 1945 cum
1215 1904 1353 1946 iudice
1382 1905 1583 1959 agendum

229 1989 315 2035 est,
345 1989 388 2024 et
416 1985 559 2024 vitium
588 1989 658 2024 aut
687 1988 869 2024 erratum
908 1984 998 2023 eius
1037 1983 1234 2023 audacter
1268 1995 1407 2022 coram
1437 1995 1488 2023 eo
1515 1996 1582 2024 re-

228 2063 583 2118 prehendendum.
648 2063 730 2104 Sed
769 2063 987 2116 diligenter
1033 2062 1115 2103 hoc
1156 2062 1354 2103 utendum
1393 2067 1438 2104 et
1473 2076 1581 2112 raro,

228 2142 630 2194 assimulandumque
660 2146 736 2189 est,
766 2142 916 2181 invitos
946 2141 1174 2181 necessario
1204 2141 1355 2191 dicere,
1384 2155 1436 2183 ne
1455 2144 1582 2197 magis

227 2223 489 2271 confidentia,
519 2235 637 2274 quam
667 2221 809 2262 dolore
839 2221 1001 2262 excitati
1030 2220 1255 2269 videamur,
1285 2223 1479 2275 atqueita
1498 2236 1581 2264 non

148 2299 206 2343 25
229 2304 358 2353 fides,
398 2302 473 2344 sed
512 2301 649 2341 odium
685 2301 866 2341 iudicum
905 2305 1190 2354 consequatur.
1259 2301 1580 2345 Demosthenes:

229 2383 317 2425 Sed
355 2396 434 2437 ego
474 2381 647 2422 liberam
685 2394 828 2422 vocem
868 2383 1053 2421 veritatis
1094 2380 1209 2435 apud
1247 2396 1321 2422 vos
1364 2385 1581 2424 omittam?

226 2464 340 2515 Non,
367 2465 562 2519 inquam3
597 2475 674 2502 nec
702 2461 903 2510 reticebo,
933 2461 1045 2515 quod
1070 2461 1184 2501 salus
1213 2464 1441 2502 communis
1469 2461 1578 2503 dicit.

226 2543 416 2597 Flagitat
446 2547 630 2584 vestram
668 2554 859 2595 operam,
904 2541 1204 2581 Athenienses:
1249 2542 1293 2581 in
1328 2545 1445 2581 tanto
1490 2555 1579 2582 res-

1409 2620 1579 2674 publica

248 2745 275 2780 ‘1
318 2744 526 2791 vestigium)
549 2745 704 2781 Falsum
727 2748 807 2787 est3
832 2744 994 2780 fortasse
1010 2743 1203 2789 fastidium
1226 2742 1365 2778 verius.

226 2807 273 2843 12
317 2819 359 2842 eo
376 2806 589 2853 pareamus)
612 2820 652 2841 eo
677 2807 943 2843 adverbialiter
966 2805 1151 2851 positum3
1180 2805 1288 2850 quasi
1320 2803 1361 2838 in
1384 2814 1451 2847 eo,
1481 2805 1580 2850 quod

319 2865 463 2900 iudices
486 2863 720 2910 pemittant,
744 2875 785 2899 se
809 2863 998 2899 continere
1021 2864 1061 2898 et
1082 2872 1232 2907 parere3
1256 2863 1420 2898 eatenus.
