1793 3207
191 200 263 248 5⁶

193 327 318 370 chum
363 321 514 364 Nihilo
543 328 683 365 tamen
718 325 858 365 secius
898 325 1047 366 circuit
1084 327 1194 379 apud
1234 340 1375 371 omnes
1404 328 1554 369 Demo-

195 394 364 435 sthenes
388 396 440 433 -et
467 396 703 434 exsecratur
731 394 949 442 iudicium,
990 394 1044 434 de
1074 407 1119 435 se
1147 399 1285 436 autem
1314 411 1362 438 ea
1392 397 1555 451 praedi·
1628 449 1630 451 q

192 465 277 511 cat,
318 473 422 514 quae
451 462 559 515 apud
589 474 661 502 vos
691 463 837 512 etiam,
868 464 1165 513 Athenienses,
1204 476 1277 504 vos
1307 465 1555 520 decepturus

192 530 412 583 postmodo
439 531 631 573 fortasse·
649 532 861 585 proferet;
891 533 1028 581 veluti,
1058 533 1148 587 Ego
1177 546 1282 584 sum,
1309 533 1458 586 inquit,
1486 534 1557 588 qui

191 599 307 641 vobis
338 600 559 642 Thebanos
588 601 844 642 sociosfeci.
902 603 995 642 Non
1026 602 1174 652 fecisti,
1202 602 1275 642 sed
1301 615 1557 642 communem

192 669 360 722 utrique
408 670 562 710 civitati
611 670 828 711 utilitatem
878 671 1186 721 conculcavisti,
1246 670 1558 711 Demosthenes.

194 737 287 792 Ego
316 751 423 779 unus
452 738 787 779 Chaeronensem
818 740 945 779 aciem
977 741 1160 780 instruxi.
1218 739 1312 780 Non
1343 753 1454 789 saue,
1484 737 1559 780 sed

196 819 302 847 unus
332 809 442 847 illam
472 809 599 848 aciem
630 808 865 849 deseruisti.
925 803 1015 861 Ego
1051 808 1200 848 multas
1239 820 1315 861 pro
1349 807 1559 861 republica

195 876 422 929 legationes
454 877 577 917 obivi.
639 877 699 916 De
739 878 908 929 quibus,
946 878 979 916 si
1019 889 1220 929 prospere
1251 877 1558 923 successissent,

195 943 340 983 audire
369 944 559 996 profecto
589 946 752 992 vellem,
784 945 881 997 quid
914 951 1025 984 esset
1055 949 1217 986 acturus
1249 948 1291 986 et
1309 959 1413 998 quae
1427 944 1558 985 factu-

196 1024 268 1052 rus
297 1013 444 1063 verba,
481 1027 607 1067 quum
637 1025 763 1062 nunc,
799 1014 869 1054 ubi
898 1015 1074 1054 miseriis
1103 1021 1226 1067 atque
1255 1013 1460 1053 aerumnis
1491 1025 1559 1051 or-

197 1081 292 1121 bem
321 1085 529 1140 terrarum
560 1082 704 1122 obiens
733 1083 939 1135 implevit,
970 1082 1136 1123 summis
1167 1096 1212 1122 se
1240 1083 1431 1135 praemiis
1460 1093 1560 1120 con-

200 1150 481 1190 decorandum
511 1151 670 1191 clamet.
729 1150 843 1191 Idem
874 1152 953 1192 alio
984 1152 1094 1192 loco:
1135 1151 1319 1203 Namque
1356 1164 1406 1190 ex
1442 1162 1560 1203 prae-

198 1220 348 1267 teritis,
388 1218 690 1267 Athenienses,
728 1219 869 1259 futura
906 1222 1109 1260 coniicere
1141 1221 1253 1260 licet.
1313 1219 1442 1272 igitur
1470 1231 1561 1258 cum

198 1286 432 1328 Alexander
460 1287 569 1339 apud
598 1287 741 1335 Indos,
781 1291 827 1326 ut
857 1293 947 1327 erat
978 1289 1101 1336 sama,
1138 1290 1387 1335 versaretur,
1417 1288 1562 1326 cuncta

197 1357 332 1397 autem
349 1354 523 1396 Graecia
551 1359 727 1408 propter
755 1357 905 1395 multos
934 1357 1103 1410 istosin
1134 1356 1302 1408 singulis
1332 1355 1561 1395 civitatibus

198 1424 449 1477 proditores,
485 1425 626 1465 rerum
658 1424 938 1478 praesentium
976 1425 1086 1473 odio,
1126 1425 1168 1465 in
1208 1424 1382 1478 aliquam
1411 1436 1563 1478 urgen-

200 1495 302 1534 tium
332 1494 531 1533 malorum
561 1493 875 1534 declinationem
908 1498 1019 1534 esset
1049 1498 1199 1544 erecta,
1230 1493 1328 1546 quid
1357 1494 1485 1547 igitur
1514 1506 1563 1533 ea

201 1567 438 1615 temporum
470 1563 780 1615 opportunitate
809 1562 879 1602 ille
894 1562 1208 1612 Demosthenes,
1225 1562 1351 1615 quiin
1367 1562 1563 1602 concione

202 1634 244 1671 ct
272 1633 315 1671 in
345 1634 490 1671 senatu
519 1634 685 1683 regnat,
724 1631 793 1682 qui
821 1632 991 1670 taedere
1019 1644 1065 1670 se
1095 1644 1236 1670 rerum
1265 1643 1374 1669 nunc
1402 1629 1563 1669 institu-

202 1704 338 1739 tarum
368 1712 463 1739 mox
491 1698 688 1748 clamabit,
720 1699 881 1750 qualem
911 1711 956 1739 se
986 1698 1208 1751 praebuit?
1237 1697 1345 1737 Nolo
1375 1698 1453 1737 iam
1484 1700 1564 1737 ate

201 1769 459 1819 exspectare,
519 1771 567 1806 ut
604 1766 767 1818 aliquod
797 1767 887 1819 ipsc
927 1766 1154 1818 periculum
1185 1765 1352 1813 subeas,
1392 1764 1465 1805 sed
1496 1777 1564 1804 cc-

202 1849 320 1887 quam
350 1838 396 1874 tu
424 1835 560 1887 legem
600 1834 734 1874 tulisti
773 1833 824 1874 de
864 1833 948 1873 ullo
979 1833 1197 1886 periculo?
1238 1832 1411 1885 Ecquod
1449 1837 1565 1873 tuum

203 1905 417 1944 consilium
448 1904 677 1956 aperuisti?
718 1903 899 1955 Ecquam
931 1902 1191 1942 contribuisti
1220 1902 1465 1954 pecuniam?
1496 1914 1564 1941 ec-

203 1986 287 2024 qua
314 1974 380 2012 vel
411 1973 575 2011 minima
604 1976 722 2025 parte
755 1972 895 2011 utilem
926 1977 969 2010 te
1000 1971 1060 2010 cis
1097 1971 1342 2023 praebuisti,
1383 1969 1453 2021 qui
1483 1969 1565 2009 rei-

204 2040 394 2093 publicae
432 2040 601 2078 salutem
647 2041 824 2078 curant?
886 2039 1078 2078 Omnium
1115 2050 1254 2078 earum
1293 2049 1433 2076 rerum
1463 2036 1567 2076 nihil

204 2108 357 2155 fecisti,
389 2107 463 2147 sed
492 2108 867 2147 circumvolitavisti
896 2107 1115 2146 verborum
1142 2105 1317 2145 artifices
1355 2093 1565 2159 colligens,

206 2183 250 2217 et
288 2189 361 2217 suo
399 2176 529 2229 ipsius
570 2176 735 2216 nomine
781 2175 965 2215 scribens
1005 2174 1221 2227 epistolam
1260 2173 1454 2227 urbisque
1493 2173 1565 2214 de-

207 2249 385 2288 trectans
412 2245 568 2299 gloriae
599 2244 739 2298 digitis
769 2256 994 2298 suspensus
1025 2242 1320 2284 declamitabat.
