<?xml version="1.0" encoding="UTF-8"?>
<!DOCTYPE html PUBLIC "-//W3C//DTD XHTML 1.0 Transitional//EN"
    "http://www.w3.org/TR/xhtml1/DTD/xhtml1-transitional.dtd">
<html xmlns="http://www.w3.org/1999/xhtml" xml:lang="en" lang="en">
 <head>
  <title>
</title>
<meta http-equiv="Content-Type" content="text/html;charset=utf-8" />
  <meta name='ocr-system' content='tesseract 3.04.00' />
  <meta name='ocr-capabilities' content='ocr_page ocr_carea ocr_par ocr_line ocrx_word'/>
</head>
<body>
  <div class='ocr_page' id='page_1' title='image "4622881_0026.png"; bbox 0 0 1793 3207; ppageno 0'>
   <div class='ocr_carea' id='block_1_1' title="bbox 833 190 931 236">
    <p class='ocr_par' dir='ltr' id='par_1_1' title="bbox 833 190 931 236">
     <span class='ocr_line' id='line_1_1' title="bbox 833 190 931 236; baseline -0.02 0"><span class='ocrx_word' id='word_1_1' title='bbox 833 190 866 236; x_wconf 78' lang='lat'><strong>3</strong></span> <span class='ocrx_word' id='word_1_2' title='bbox 918 227 931 234; x_wconf 83' lang='lat'><em>.</em></span> 
     </span>
    </p>
   </div>
   <div class='ocr_carea' id='block_1_2' title="bbox 723 258 986 266">
    <p class='ocr_par' dir='ltr' id='par_1_2' title="bbox 723 258 986 266">
     <span class='ocr_line' id='line_1_2' title="bbox 723 258 986 266; baseline 0.004 -2"><span class='ocrx_word' id='word_1_3' title='bbox 723 258 986 266; x_wconf 75' lang='lat'><strong>————--————-</strong></span> 
     </span>
    </p>
   </div>
   <div class='ocr_carea' id='block_1_3' title="bbox 158 332 1594 2435">
    <p class='ocr_par' dir='ltr' id='par_1_3' title="bbox 158 332 1594 1419">
     <span class='ocr_line' id='line_1_3' title="bbox 291 332 1521 388; baseline -0.001 -14"><span class='ocrx_word' id='word_1_4' title='bbox 291 332 362 374; x_wconf 89' lang='lat' dir='ltr'><em>lV.</em></span> <span class='ocrx_word' id='word_1_5' title='bbox 392 332 822 380; x_wconf 81' lang='lat' dir='ltr'><strong>PARADIASTOLE.</strong></span> <span class='ocrx_word' id='word_1_6' title='bbox 860 337 950 379; x_wconf 88' lang='lat' dir='ltr'><em>Hoc</em></span> <span class='ocrx_word' id='word_1_7' title='bbox 978 337 1140 378; x_wconf 76' lang='lat' dir='ltr'><em>schema</em></span> <span class='ocrx_word' id='word_1_8' title='bbox 1167 336 1267 377; x_wconf 75' lang='lat' dir='ltr'><em>duas</em></span> <span class='ocrx_word' id='word_1_9' title='bbox 1295 337 1366 376; x_wconf 77' lang='lat' dir='ltr'><em>aut</em></span> <span class='ocrx_word' id='word_1_10' title='bbox 1380 333 1521 388; x_wconf 82' lang='lat' dir='ltr'><em>plures</em></span> 
     </span>
     <span class='ocr_line' id='line_1_4' title="bbox 180 415 1519 470; baseline 0.001 -16"><span class='ocrx_word' id='word_1_11' title='bbox 180 426 261 464; x_wconf 80' lang='lat' dir='ltr'><em>res,</em></span> <span class='ocrx_word' id='word_1_12' title='bbox 289 426 396 467; x_wconf 69' lang='lat' dir='ltr'><em>quae</em></span> <span class='ocrx_word' id='word_1_13' title='bbox 423 415 612 458; x_wconf 83' lang='lat' dir='ltr'><em>videntur</em></span> <span class='ocrx_word' id='word_1_14' title='bbox 639 431 758 459; x_wconf 80' lang='lat' dir='ltr'><em>unum</em></span> <span class='ocrx_word' id='word_1_15' title='bbox 788 418 869 458; x_wconf 84' lang='lat' dir='ltr'><em>vim</em></span> <span class='ocrx_word' id='word_1_16' title='bbox 897 417 1068 468; x_wconf 78' lang='lat' dir='ltr'><em>habere,</em></span> <span class='ocrx_word' id='word_1_17' title='bbox 1097 417 1294 470; x_wconf 81' lang='lat' dir='ltr'><em>disiungit</em></span> <span class='ocrx_word' id='word_1_18' title='bbox 1323 419 1364 456; x_wconf 89' lang='lat' dir='ltr'><em>et</em></span> <span class='ocrx_word' id='word_1_19' title='bbox 1392 426 1519 470; x_wconf 72' lang='lat' dir='ltr'><em>quan-</em></span> 
     </span>
     <span class='ocr_line' id='line_1_5' title="bbox 178 494 1517 550; baseline 0.001 -17"><span class='ocrx_word' id='word_1_20' title='bbox 178 497 266 534; x_wconf 89' lang='lat' dir='ltr'><em>tum</em></span> <span class='ocrx_word' id='word_1_21' title='bbox 304 494 454 537; x_wconf 87' lang='lat' dir='ltr'><em>distent</em></span> <span class='ocrx_word' id='word_1_22' title='bbox 499 497 638 548; x_wconf 89' lang='lat' dir='ltr'><em>docet,</em></span> <span class='ocrx_word' id='word_1_23' title='bbox 695 511 807 538; x_wconf 78' lang='lat' dir='ltr'><em>suam</em></span> <span class='ocrx_word' id='word_1_24' title='bbox 846 498 991 550; x_wconf 87' lang='lat' dir='ltr'><em>cuique</em></span> <span class='ocrx_word' id='word_1_25' title='bbox 1028 499 1234 550; x_wconf 77' lang='lat' dir='ltr'><em>proprium</em></span> <span class='ocrx_word' id='word_1_26' title='bbox 1273 496 1517 536; x_wconf 77' lang='lat' dir='ltr'><em>sententiam</em></span> 
     </span>
     <span class='ocr_line' id='line_1_6' title="bbox 178 573 1515 628; baseline 0 -15"><span class='ocrx_word' id='word_1_27' title='bbox 178 573 469 628; x_wconf 81' lang='lat' dir='ltr'><em>subiungendo.</em></span> <span class='ocrx_word' id='word_1_28' title='bbox 498 575 742 627; x_wconf 84' lang='lat' dir='ltr'><em>Hyperidis:</em></span> <span class='ocrx_word' id='word_1_29' title='bbox 771 576 885 616; x_wconf 84' lang='lat' dir='ltr'><em>Nam</em></span> <span class='ocrx_word' id='word_1_30' title='bbox 914 589 1007 616; x_wconf 79' lang='lat' dir='ltr'><em>cum</em></span> <span class='ocrx_word' id='word_1_31' title='bbox 1036 581 1268 615; x_wconf 84' lang='lat' dir='ltr'><em>ceterorum</em></span> <span class='ocrx_word' id='word_1_32' title='bbox 1288 575 1515 626; x_wconf 71' lang='lat' dir='ltr'><em>opinionem</em></span> 
     </span>
     <span class='ocr_line' id='line_1_7' title="bbox 168 652 1565 707; baseline 0.001 -14"><span class='ocrx_word' id='word_1_33' title='bbox 168 652 327 703; x_wconf 85' lang='lat' dir='ltr'><em>fallere</em></span> <span class='ocrx_word' id='word_1_34' title='bbox 354 655 531 701; x_wconf 76' lang='lat' dir='ltr'><em>conaris,</em></span> <span class='ocrx_word' id='word_1_35' title='bbox 561 659 606 693; x_wconf 77' lang='lat' dir='ltr'><em>tn</em></span> <span class='ocrx_word' id='word_1_36' title='bbox 633 658 713 694; x_wconf 91' lang='lat' dir='ltr'><em>tete</em></span> <span class='ocrx_word' id='word_1_37' title='bbox 732 656 972 707; x_wconf 62' lang='lat' dir='ltr'><em>frustraris.</em></span> <span class='ocrx_word' id='word_1_38' title='bbox 1030 654 1132 694; x_wconf 88' lang='lat' dir='ltr'><em>Non</em></span> <span class='ocrx_word' id='word_1_39' title='bbox 1161 655 1267 694; x_wconf 87' lang='lat' dir='ltr'><em>enim</em></span> <span class='ocrx_word' id='word_1_40' title='bbox 1289 652 1447 706; x_wconf 84' lang='lat' dir='ltr'><em>probas</em></span> <span class='ocrx_word' id='word_1_41' title='bbox 1475 656 1515 691; x_wconf 81' lang='lat' dir='ltr'><em>te</em></span> <span class='ocrx_word' id='word_1_42' title='bbox 1538 652 1565 695; x_wconf 89' lang='grc'>5</span> 
     </span>
     <span class='ocr_line' id='line_1_8' title="bbox 169 734 1517 789; baseline -0.001 -17"><span class='ocrx_word' id='word_1_43' title='bbox 169 744 252 785; x_wconf 83' lang='lat' dir='ltr'><em>pro</em></span> <span class='ocrx_word' id='word_1_44' title='bbox 281 737 415 772; x_wconf 83' lang='lat' dir='ltr'><em>astuto</em></span> <span class='ocrx_word' id='word_1_45' title='bbox 442 735 667 786; x_wconf 80' lang='lat' dir='ltr'><strong><em>sapientem</em></strong></span> <span class='ocrx_word' id='word_1_46' title='bbox 686 736 867 788; x_wconf 75' lang='lat' dir='ltr'><em>intelligi,</em></span> <span class='ocrx_word' id='word_1_47' title='bbox 891 749 973 788; x_wconf 85' lang='lat' dir='ltr'><em>pro</em></span> <span class='ocrx_word' id='word_1_48' title='bbox 993 734 1224 789; x_wconf 83' lang='lat' dir='ltr'><em>confidente</em></span> <span class='ocrx_word' id='word_1_49' title='bbox 1243 734 1419 785; x_wconf 84' lang='lat' dir='ltr'><em>sortem,</em></span> <span class='ocrx_word' id='word_1_50' title='bbox 1434 745 1517 784; x_wconf 84' lang='lat' dir='ltr'><em>pro</em></span> 
     </span>
     <span class='ocr_line' id='line_1_9' title="bbox 177 810 1515 867; baseline -0.001 -17"><span class='ocrx_word' id='word_1_51' title='bbox 177 811 371 851; x_wconf 78' lang='lat' dir='ltr'><em>illiberali</em></span> <span class='ocrx_word' id='word_1_52' title='bbox 393 810 626 865; x_wconf 70' lang='lat' dir='ltr'><em>diligentem</em></span> <span class='ocrx_word' id='word_1_53' title='bbox 654 815 720 853; x_wconf 86' lang='lat' dir='ltr'><em>rei</em></span> <span class='ocrx_word' id='word_1_54' title='bbox 735 814 972 865; x_wconf 60' lang='lat' dir='ltr'><em>familiaris,</em></span> <span class='ocrx_word' id='word_1_55' title='bbox 995 827 1077 867; x_wconf 87' lang='lat' dir='ltr'><em>pro</em></span> <span class='ocrx_word' id='word_1_56' title='bbox 1106 814 1298 854; x_wconf 81' lang='lat' dir='ltr'><em>malivolo</em></span> <span class='ocrx_word' id='word_1_57' title='bbox 1314 824 1515 852; x_wconf 81' lang='lat' dir='ltr'><em>severum.</em></span> 
     </span>
     <span class='ocr_line' id='line_1_10' title="bbox 177 889 1516 946; baseline 0.001 -17"><span class='ocrx_word' id='word_1_58' title='bbox 177 889 352 929; x_wconf 81' lang='lat' dir='ltr'><em>Nullum</em></span> <span class='ocrx_word' id='word_1_59' title='bbox 381 895 447 930; x_wconf 80' lang='lat' dir='ltr'><em>est</em></span> <span class='ocrx_word' id='word_1_60' title='bbox 472 892 577 930; x_wconf 89' lang='lat' dir='ltr'><em>enim</em></span> <span class='ocrx_word' id='word_1_61' title='bbox 605 892 756 938; x_wconf 81' lang='lat' dir='ltr'><em>vitium,</em></span> <span class='ocrx_word' id='word_1_62' title='bbox 785 905 863 944; x_wconf 83' lang='lat' dir='ltr'><em>quo</em></span> <span class='ocrx_word' id='word_1_63' title='bbox 893 895 1052 932; x_wconf 81' lang='lat' dir='ltr'><em>virtutis</em></span> <span class='ocrx_word' id='word_1_64' title='bbox 1081 892 1204 932; x_wconf 82' lang='lat' dir='ltr'><em>laude</em></span> <span class='ocrx_word' id='word_1_65' title='bbox 1229 892 1413 946; x_wconf 81' lang='lat' dir='ltr'><em>gloriari</em></span> <span class='ocrx_word' id='word_1_66' title='bbox 1415 903 1516 944; x_wconf 80' lang='lat' dir='ltr'><em>pos-</em></span> 
     </span>
     <span class='ocr_line' id='line_1_11' title="bbox 177 969 1515 1019; baseline 0.001 -12"><span class='ocrx_word' id='word_1_67' title='bbox 177 970 245 1007; x_wconf 60' lang='lat' dir='ltr'><em>sab.</em></span> <span class='ocrx_word' id='word_1_68' title='bbox 304 969 394 1008; x_wconf 89' lang='lat' dir='ltr'><em>Hoc</em></span> <span class='ocrx_word' id='word_1_69' title='bbox 422 969 530 1009; x_wconf 87' lang='lat' dir='ltr'><em>idem</em></span> <span class='ocrx_word' id='word_1_70' title='bbox 559 969 724 1009; x_wconf 79' lang='lat' dir='ltr'><em>schema</em></span> <span class='ocrx_word' id='word_1_71' title='bbox 752 970 861 1009; x_wconf 86' lang='lat' dir='ltr'><em>solet</em></span> <span class='ocrx_word' id='word_1_72' title='bbox 897 969 1097 1010; x_wconf 83' lang='lat' dir='ltr'><em>illustrius</em></span> <span class='ocrx_word' id='word_1_73' title='bbox 1131 971 1245 1019; x_wconf 88' lang='lat' dir='ltr'><em>fieri,</em></span> <span class='ocrx_word' id='word_1_74' title='bbox 1283 983 1375 1010; x_wconf 89' lang='lat' dir='ltr'><em>cum</em></span> <span class='ocrx_word' id='word_1_75' title='bbox 1412 971 1515 1009; x_wconf 79' lang='lat' dir='ltr'><em>ratio</em></span> 
     </span>
     <span class='ocr_line' id='line_1_12' title="bbox 176 1046 1594 1102; baseline 0.001 -14"><span class='ocrx_word' id='word_1_76' title='bbox 176 1049 390 1101; x_wconf 84' lang='lat' dir='ltr'><em>proposito</em></span> <span class='ocrx_word' id='word_1_77' title='bbox 427 1050 693 1102; x_wconf 82' lang='lat' dir='ltr'><em>subiungitur.</em></span> <span class='ocrx_word' id='word_1_78' title='bbox 751 1049 797 1089; x_wconf 90' lang='lat' dir='ltr'><em>ld</em></span> <span class='ocrx_word' id='word_1_79' title='bbox 836 1053 901 1088; x_wconf 88' lang='lat' dir='ltr'><em>est</em></span> <span class='ocrx_word' id='word_1_80' title='bbox 935 1049 1190 1088; x_wconf 86' lang='lat' dir='ltr'><em>huiusmodi:</em></span> <span class='ocrx_word' id='word_1_81' title='bbox 1254 1050 1516 1102; x_wconf 79' lang='lat' dir='ltr'><em>Quapropter</em></span> <span class='ocrx_word' id='word_1_82' title='bbox 1540 1046 1594 1091; x_wconf 89' lang='lat'><em>10</em></span> 
     </span>
     <span class='ocr_line' id='line_1_13' title="bbox 176 1127 1517 1181; baseline 0.001 -15"><span class='ocrx_word' id='word_1_83' title='bbox 176 1128 273 1166; x_wconf 86' lang='lat' dir='ltr'><em>nolo</em></span> <span class='ocrx_word' id='word_1_84' title='bbox 303 1132 343 1166; x_wconf 84' lang='lat' dir='ltr'><em>te</em></span> <span class='ocrx_word' id='word_1_85' title='bbox 371 1129 535 1181; x_wconf 79' lang='lat' dir='ltr'><em>saepius</em></span> <span class='ocrx_word' id='word_1_86' title='bbox 556 1141 734 1181; x_wconf 81' lang='lat' dir='ltr'><em>parcam</em></span> <span class='ocrx_word' id='word_1_87' title='bbox 765 1128 992 1181; x_wconf 84' lang='lat' dir='ltr'><em>appellare,</em></span> <span class='ocrx_word' id='word_1_88' title='bbox 1021 1141 1112 1167; x_wconf 80' lang='lat' dir='ltr'><em>cam</em></span> <span class='ocrx_word' id='word_1_89' title='bbox 1132 1129 1186 1166; x_wconf 69' lang='lat' dir='ltr'><em>sis</em></span> <span class='ocrx_word' id='word_1_90' title='bbox 1207 1140 1371 1168; x_wconf 76' lang='lat' dir='ltr'><em>avarus.</em></span> <span class='ocrx_word' id='word_1_91' title='bbox 1403 1127 1517 1167; x_wconf 90' lang='lat' dir='ltr'><em>Nam</em></span> 
     </span>
     <span class='ocr_line' id='line_1_14' title="bbox 158 1202 1518 1261; baseline 0 -16"><span class='ocrx_word' id='word_1_92' title='bbox 158 1202 250 1258; x_wconf 75' lang='lat' dir='ltr'><em>=qui</em></span> <span class='ocrx_word' id='word_1_93' title='bbox 275 1219 432 1258; x_wconf 78' lang='lat' dir='ltr'><em>parcus</em></span> <span class='ocrx_word' id='word_1_94' title='bbox 468 1213 550 1255; x_wconf 85' lang='lat' dir='ltr'><em>est,</em></span> <span class='ocrx_word' id='word_1_95' title='bbox 608 1210 736 1248; x_wconf 79' lang='lat' dir='ltr'><em>utitur</em></span> <span class='ocrx_word' id='word_1_96' title='bbox 783 1222 830 1248; x_wconf 90' lang='lat' dir='ltr'><em>eo</em></span> <span class='ocrx_word' id='word_1_97' title='bbox 870 1207 982 1261; x_wconf 78' lang='lat' dir='ltr'><em>qnod</em></span> <span class='ocrx_word' id='word_1_98' title='bbox 1015 1208 1114 1246; x_wconf 82' lang='lat' dir='ltr'><em>satis</em></span> <span class='ocrx_word' id='word_1_99' title='bbox 1152 1213 1235 1246; x_wconf 82' lang='lat' dir='ltr'><em>est.-</em></span> <span class='ocrx_word' id='word_1_100' title='bbox 1291 1211 1335 1247; x_wconf 82' lang='lat' dir='ltr'><em>tu</em></span> <span class='ocrx_word' id='word_1_101' title='bbox 1372 1210 1518 1247; x_wconf 78' lang='lat' dir='ltr'><em>contra</em></span> 
     </span>
     <span class='ocr_line' id='line_1_15' title="bbox 169 1286 1515 1339; baseline -0.001 -15"><span class='ocrx_word' id='word_1_102' title='bbox 169 1289 345 1337; x_wconf 86' lang='lat' dir='ltr'><em>propter</em></span> <span class='ocrx_word' id='word_1_103' title='bbox 374 1288 601 1332; x_wconf 80' lang='lat' dir='ltr'><em>avaritiam,</em></span> <span class='ocrx_word' id='word_1_104' title='bbox 632 1300 710 1339; x_wconf 77' lang='lat' dir='ltr'><em>quo</em></span> <span class='ocrx_word' id='word_1_105' title='bbox 731 1288 830 1339; x_wconf 79' lang='lat' dir='ltr'><em>plus</em></span> <span class='ocrx_word' id='word_1_106' title='bbox 859 1286 995 1334; x_wconf 78' lang='lat' dir='ltr'><em>habes,</em></span> <span class='ocrx_word' id='word_1_107' title='bbox 1024 1288 1155 1339; x_wconf 86' lang='lat' dir='ltr'><em>magis</em></span> <span class='ocrx_word' id='word_1_108' title='bbox 1185 1299 1291 1339; x_wconf 83' lang='lat' dir='ltr'><em>eges.</em></span> <span class='ocrx_word' id='word_1_109' title='bbox 1337 1286 1403 1327; x_wconf 86' lang='lat' dir='ltr'><em>Ita</em></span> <span class='ocrx_word' id='word_1_110' title='bbox 1431 1298 1515 1324; x_wconf 88' lang='lat' dir='ltr'><em>non</em></span> 
     </span>
     <span class='ocr_line' id='line_1_16' title="bbox 177 1364 1483 1419; baseline -0.001 -15"><span class='ocrx_word' id='word_1_111' title='bbox 177 1369 262 1404; x_wconf 87' lang='lat' dir='ltr'><em>tam</em></span> <span class='ocrx_word' id='word_1_112' title='bbox 290 1364 523 1418; x_wconf 75' lang='lat' dir='ltr'><em>diligentiae</em></span> <span class='ocrx_word' id='word_1_113' title='bbox 542 1366 726 1417; x_wconf 80' lang='lat' dir='ltr'><em>fructas,</em></span> <span class='ocrx_word' id='word_1_114' title='bbox 755 1380 877 1419; x_wconf 82' lang='lat' dir='ltr'><em>qaam</em></span> <span class='ocrx_word' id='word_1_115' title='bbox 905 1368 1068 1419; x_wconf 85' lang='lat' dir='ltr'><em>inopiae</em></span> <span class='ocrx_word' id='word_1_116' title='bbox 1095 1368 1261 1406; x_wconf 82' lang='lat' dir='ltr'><em>miseria</em></span> <span class='ocrx_word' id='word_1_117' title='bbox 1289 1367 1483 1418; x_wconf 79' lang='lat' dir='ltr'><em>sequitur.</em></span> 
     </span>
    </p>

    <p class='ocr_par' dir='ltr' id='par_1_4' title="bbox 176 1440 1594 2435">
     <span class='ocr_line' id='line_1_17' title="bbox 291 1440 1592 1492; baseline -0.002 -8"><span class='ocrx_word' id='word_1_118' title='bbox 291 1442 338 1484; x_wconf 87' lang='lat' dir='ltr'><em>V.</em></span> <span class='ocrx_word' id='word_1_119' title='bbox 368 1444 679 1485; x_wconf 75' lang='lat' dir='ltr'><strong>ANACLASIS.</strong></span> <span class='ocrx_word' id='word_1_120' title='bbox 739 1446 827 1486; x_wconf 86' lang='lat' dir='ltr'><em>Hoc</em></span> <span class='ocrx_word' id='word_1_121' title='bbox 863 1445 1028 1486; x_wconf 84' lang='lat' dir='ltr'><em>schema</em></span> <span class='ocrx_word' id='word_1_122' title='bbox 1062 1446 1157 1484; x_wconf 85' lang='lat' dir='ltr'><em>fieri</em></span> <span class='ocrx_word' id='word_1_123' title='bbox 1187 1445 1309 1492; x_wconf 88' lang='lat' dir='ltr'><em>solet,</em></span> <span class='ocrx_word' id='word_1_124' title='bbox 1350 1456 1443 1484; x_wconf 91' lang='lat' dir='ltr'><em>cum</em></span> <span class='ocrx_word' id='word_1_125' title='bbox 1472 1442 1514 1482; x_wconf 86' lang='lat' dir='ltr'><em>id</em></span> <span class='ocrx_word' id='word_1_126' title='bbox 1541 1440 1592 1483; x_wconf 82' lang='lat'><em>15</em></span> 
     </span>
     <span class='ocr_line' id='line_1_18' title="bbox 179 1521 1515 1573; baseline 0 -12"><span class='ocrx_word' id='word_1_127' title='bbox 179 1521 288 1573; x_wconf 85' lang='lat' dir='ltr'><em>quod</em></span> <span class='ocrx_word' id='word_1_128' title='bbox 314 1523 363 1562; x_wconf 84' lang='lat' dir='ltr'><em>ab</em></span> <span class='ocrx_word' id='word_1_129' title='bbox 400 1523 529 1563; x_wconf 85' lang='lat' dir='ltr'><em>altero</em></span> <span class='ocrx_word' id='word_1_130' title='bbox 567 1524 721 1564; x_wconf 64' lang='lat' dir='ltr'><em>dictum</em></span> <span class='ocrx_word' id='word_1_131' title='bbox 750 1527 831 1570; x_wconf 89' lang='lat' dir='ltr'><em>est,</em></span> <span class='ocrx_word' id='word_1_132' title='bbox 872 1537 953 1564; x_wconf 90' lang='lat' dir='ltr'><em>non</em></span> <span class='ocrx_word' id='word_1_133' title='bbox 990 1525 1032 1563; x_wconf 86' lang='lat' dir='ltr'><em>in</em></span> <span class='ocrx_word' id='word_1_134' title='bbox 1071 1537 1158 1563; x_wconf 89' lang='lat' dir='ltr'><em>eam</em></span> <span class='ocrx_word' id='word_1_135' title='bbox 1197 1528 1373 1562; x_wconf 82' lang='lat' dir='ltr'><em>mentem</em></span> <span class='ocrx_word' id='word_1_136' title='bbox 1411 1536 1515 1573; x_wconf 80' lang='lat' dir='ltr'><em>quae</em></span> 
     </span>
     <span class='ocr_line' id='line_1_19' title="bbox 176 1600 1514 1654; baseline 0.001 -15"><span class='ocrx_word' id='word_1_137' title='bbox 176 1600 428 1653; x_wconf 81' lang='lat' dir='ltr'><em>intelligitur,</em></span> <span class='ocrx_word' id='word_1_138' title='bbox 459 1602 532 1641; x_wconf 86' lang='lat' dir='ltr'><em>sed</em></span> <span class='ocrx_word' id='word_1_139' title='bbox 562 1603 603 1640; x_wconf 87' lang='lat' dir='ltr'><em>in</em></span> <span class='ocrx_word' id='word_1_140' title='bbox 632 1603 749 1641; x_wconf 81' lang='lat' dir='ltr'><em>aliam</em></span> <span class='ocrx_word' id='word_1_141' title='bbox 778 1606 846 1642; x_wconf 84' lang='lat' dir='ltr'><em>aut</em></span> <span class='ocrx_word' id='word_1_142' title='bbox 863 1603 1104 1642; x_wconf 80' lang='lat' dir='ltr'><em>contrariam</em></span> <span class='ocrx_word' id='word_1_143' title='bbox 1123 1603 1333 1654; x_wconf 77' lang='lat' dir='ltr'><em>excipitur.</em></span> <span class='ocrx_word' id='word_1_144' title='bbox 1364 1601 1514 1641; x_wconf 90' lang='lat' dir='ltr'><em>Huius-</em></span> 
     </span>
     <span class='ocr_line' id='line_1_20' title="bbox 177 1680 1517 1734; baseline -0.001 -16"><span class='ocrx_word' id='word_1_145' title='bbox 177 1680 290 1718; x_wconf 88' lang='lat' dir='ltr'><em>modi</em></span> <span class='ocrx_word' id='word_1_146' title='bbox 328 1684 394 1720; x_wconf 91' lang='lat' dir='ltr'><em>est</em></span> <span class='ocrx_word' id='word_1_147' title='bbox 430 1681 593 1734; x_wconf 82' lang='lat' dir='ltr'><em>vulgare</em></span> <span class='ocrx_word' id='word_1_148' title='bbox 630 1681 734 1720; x_wconf 91' lang='lat' dir='ltr'><em>illud</em></span> <span class='ocrx_word' id='word_1_149' title='bbox 763 1681 1088 1721; x_wconf 80' lang='lat' dir='ltr'><em>Proculeianum.</em></span> <span class='ocrx_word' id='word_1_150' title='bbox 1146 1680 1384 1721; x_wconf 84' lang='lat' dir='ltr'><em>Proculeius</em></span> <span class='ocrx_word' id='word_1_151' title='bbox 1424 1691 1517 1718; x_wconf 90' lang='lat' dir='ltr'><em>cum</em></span> 
     </span>
     <span class='ocr_line' id='line_1_21' title="bbox 178 1758 1516 1811; baseline -0.001 -13"><span class='ocrx_word' id='word_1_152' title='bbox 178 1758 307 1798; x_wconf 87' lang='lat' dir='ltr'><em>filium</em></span> <span class='ocrx_word' id='word_1_153' title='bbox 337 1771 455 1799; x_wconf 88' lang='lat' dir='ltr'><em>suum</em></span> <span class='ocrx_word' id='word_1_154' title='bbox 490 1765 678 1800; x_wconf 87' lang='lat' dir='ltr'><em>moneret</em></span> <span class='ocrx_word' id='word_1_155' title='bbox 716 1764 757 1800; x_wconf 88' lang='lat' dir='ltr'><em>et</em></span> <span class='ocrx_word' id='word_1_156' title='bbox 792 1760 1049 1811; x_wconf 80' lang='lat' dir='ltr'><em>hortaretur,</em></span> <span class='ocrx_word' id='word_1_157' title='bbox 1084 1760 1276 1800; x_wconf 82' lang='lat' dir='ltr'><em>audacter</em></span> <span class='ocrx_word' id='word_1_158' title='bbox 1315 1773 1363 1799; x_wconf 86' lang='lat' dir='ltr'><em>ex</em></span> <span class='ocrx_word' id='word_1_159' title='bbox 1401 1758 1516 1797; x_wconf 86' lang='lat' dir='ltr'><em>bonis</em></span> 
     </span>
     <span class='ocr_line' id='line_1_22' title="bbox 178 1832 1594 1891; baseline -0.001 -15"><span class='ocrx_word' id='word_1_160' title='bbox 178 1838 305 1889; x_wconf 86' lang='lat' dir='ltr'><em>ipsius</em></span> <span class='ocrx_word' id='word_1_161' title='bbox 334 1842 513 1878; x_wconf 85' lang='lat' dir='ltr'><em>sumtum</em></span> <span class='ocrx_word' id='word_1_162' title='bbox 541 1838 707 1887; x_wconf 78' lang='lat' dir='ltr'><em>faceret,</em></span> <span class='ocrx_word' id='word_1_163' title='bbox 737 1852 834 1891; x_wconf 82' lang='lat' dir='ltr'><em>quas</em></span> <span class='ocrx_word' id='word_1_164' title='bbox 861 1841 903 1878; x_wconf 88' lang='lat' dir='ltr'><em>in</em></span> <span class='ocrx_word' id='word_1_165' title='bbox 932 1852 999 1879; x_wconf 88' lang='lat' dir='ltr'><em>res</em></span> <span class='ocrx_word' id='word_1_166' title='bbox 1028 1840 1152 1878; x_wconf 79' lang='lat' dir='ltr'><em>vellet</em></span> <span class='ocrx_word' id='word_1_167' title='bbox 1180 1842 1297 1890; x_wconf 77' lang='lat' dir='ltr'><em>atque</em></span> <span class='ocrx_word' id='word_1_168' title='bbox 1328 1849 1429 1889; x_wconf 88' lang='lat' dir='ltr'><em>opus</em></span> <span class='ocrx_word' id='word_1_169' title='bbox 1449 1849 1515 1876; x_wconf 88' lang='lat' dir='ltr'><em>es·</em></span> <span class='ocrx_word' id='word_1_170' title='bbox 1539 1832 1594 1874; x_wconf 78' lang='lat'><em>20</em></span> 
     </span>
     <span class='ocr_line' id='line_1_23' title="bbox 180 1919 1517 1971; baseline -0.002 -13"><span class='ocrx_word' id='word_1_171' title='bbox 180 1921 262 1966; x_wconf 81' lang='lat' dir='ltr'><em>set,</em></span> <span class='ocrx_word' id='word_1_172' title='bbox 302 1930 378 1957; x_wconf 90' lang='lat' dir='ltr'><em>nec</em></span> <span class='ocrx_word' id='word_1_173' title='bbox 414 1921 499 1957; x_wconf 83' lang='lat' dir='ltr'><em>tum</em></span> <span class='ocrx_word' id='word_1_174' title='bbox 538 1919 715 1970; x_wconf 90' lang='lat' dir='ltr'><em>denique</em></span> <span class='ocrx_word' id='word_1_175' title='bbox 751 1923 939 1971; x_wconf 83' lang='lat' dir='ltr'><em>speraret</em></span> <span class='ocrx_word' id='word_1_176' title='bbox 968 1919 1201 1959; x_wconf 83' lang='lat' dir='ltr'><em>libertatem</em></span> <span class='ocrx_word' id='word_1_177' title='bbox 1230 1919 1517 1967; x_wconf 82' lang='lat' dir='ltr'><em>licentiamque</em></span> 
     </span>
     <span class='ocr_line' id='line_1_24' title="bbox 179 1995 1519 2049; baseline 0 -15"><span class='ocrx_word' id='word_1_178' title='bbox 179 1996 323 2035; x_wconf 87' lang='lat' dir='ltr'><em>utendi</em></span> <span class='ocrx_word' id='word_1_179' title='bbox 357 1995 553 2045; x_wconf 78' lang='lat' dir='ltr'><em>futuram,</em></span> <span class='ocrx_word' id='word_1_180' title='bbox 590 2009 680 2035; x_wconf 89' lang='lat' dir='ltr'><em>cnm</em></span> <span class='ocrx_word' id='word_1_181' title='bbox 720 2001 835 2049; x_wconf 81' lang='lat' dir='ltr'><em>pater</em></span> <span class='ocrx_word' id='word_1_182' title='bbox 865 1997 1130 2043; x_wconf 81' lang='lat' dir='ltr'><em>decessisset,</em></span> <span class='ocrx_word' id='word_1_183' title='bbox 1169 1997 1235 2035; x_wconf 86' lang='lat' dir='ltr'><em>cui</em></span> <span class='ocrx_word' id='word_1_184' title='bbox 1276 1996 1366 2035; x_wconf 73' lang='lat' dir='ltr'><em>vivo</em></span> <span class='ocrx_word' id='word_1_185' title='bbox 1401 2001 1519 2048; x_wconf 79' lang='lat' dir='ltr'><em>patre</em></span> 
     </span>
     <span class='ocr_line' id='line_1_25' title="bbox 179 2075 1519 2128; baseline 0 -15"><span class='ocrx_word' id='word_1_186' title='bbox 179 2075 382 2126; x_wconf 88' lang='lat' dir='ltr'><em>promisce</em></span> <span class='ocrx_word' id='word_1_187' title='bbox 419 2077 552 2115; x_wconf 86' lang='lat' dir='ltr'><em>omnia</em></span> <span class='ocrx_word' id='word_1_188' title='bbox 587 2076 777 2123; x_wconf 84' lang='lat' dir='ltr'><em>licerent;</em></span> <span class='ocrx_word' id='word_1_189' title='bbox 815 2076 924 2116; x_wconf 86' lang='lat' dir='ltr'><em>filius</em></span> <span class='ocrx_word' id='word_1_190' title='bbox 954 2076 1188 2128; x_wconf 80' lang='lat' dir='ltr'><em>respondit,</em></span> <span class='ocrx_word' id='word_1_191' title='bbox 1226 2087 1305 2114; x_wconf 90' lang='lat' dir='ltr'><em>non</em></span> <span class='ocrx_word' id='word_1_192' title='bbox 1347 2088 1437 2114; x_wconf 86' lang='lat' dir='ltr'><em>esse</em></span> <span class='ocrx_word' id='word_1_193' title='bbox 1475 2087 1519 2113; x_wconf 89' lang='lat' dir='ltr'><em>se</em></span> 
     </span>
     <span class='ocr_line' id='line_1_26' title="bbox 181 2153 1517 2206; baseline 0 -14"><span class='ocrx_word' id='word_1_194' title='bbox 181 2165 282 2205; x_wconf 90' lang='lat' dir='ltr'><em>opus</em></span> <span class='ocrx_word' id='word_1_195' title='bbox 311 2166 436 2205; x_wconf 88' lang='lat' dir='ltr'><em>saepe</em></span> <span class='ocrx_word' id='word_1_196' title='bbox 465 2153 607 2194; x_wconf 85' lang='lat' dir='ltr'><em>eadem</em></span> <span class='ocrx_word' id='word_1_197' title='bbox 638 2156 821 2195; x_wconf 84' lang='lat' dir='ltr'><em>oratione</em></span> <span class='ocrx_word' id='word_1_198' title='bbox 857 2156 1035 2202; x_wconf 87' lang='lat' dir='ltr'><em>moneri,</em></span> <span class='ocrx_word' id='word_1_199' title='bbox 1073 2168 1149 2194; x_wconf 83' lang='lat' dir='ltr'><em>nec</em></span> <span class='ocrx_word' id='word_1_200' title='bbox 1178 2168 1223 2193; x_wconf 84' lang='lat' dir='ltr'><em>se</em></span> <span class='ocrx_word' id='word_1_201' title='bbox 1243 2155 1380 2206; x_wconf 81' lang='lat' dir='ltr'><em>patris</em></span> <span class='ocrx_word' id='word_1_202' title='bbox 1408 2167 1517 2192; x_wconf 88' lang='lat' dir='ltr'><em>mor-</em></span> 
     </span>
     <span class='ocr_line' id='line_1_27' title="bbox 181 2232 1593 2285; baseline 0.001 -15"><span class='ocrx_word' id='word_1_203' title='bbox 181 2237 261 2270; x_wconf 82' lang='lat' dir='ltr'><em>tem</em></span> <span class='ocrx_word' id='word_1_204' title='bbox 299 2238 529 2283; x_wconf 70' lang='lat' dir='ltr'><em>expectare.</em></span> <span class='ocrx_word' id='word_1_205' title='bbox 600 2232 677 2271; x_wconf 85' lang='lat' dir='ltr'><em>cui</em></span> <span class='ocrx_word' id='word_1_206' title='bbox 718 2233 956 2272; x_wconf 84' lang='lat' dir='ltr'><em>Proculeius</em></span> <span class='ocrx_word' id='word_1_207' title='bbox 1000 2238 1116 2285; x_wconf 84' lang='lat' dir='ltr'><em>pater</em></span> <span class='ocrx_word' id='word_1_208' title='bbox 1154 2234 1346 2279; x_wconf 86' lang='lat' dir='ltr'><em>subiecit,</em></span> <span class='ocrx_word' id='word_1_209' title='bbox 1397 2236 1515 2271; x_wconf 86' lang='lat' dir='ltr'><em>immo</em></span> <span class='ocrx_word' id='word_1_210' title='bbox 1540 2232 1593 2272; x_wconf 75' lang='lat'><em>‘25</em></span> 
     </span>
     <span class='ocr_line' id='line_1_28' title="bbox 180 2310 1514 2365; baseline -0.001 -15"><span class='ocrx_word' id='word_1_211' title='bbox 180 2323 292 2358; x_wconf 88' lang='lat' dir='ltr'><em>vero,</em></span> <span class='ocrx_word' id='word_1_212' title='bbox 321 2310 467 2361; x_wconf 86' lang='lat' dir='ltr'><em>inquit,</em></span> <span class='ocrx_word' id='word_1_213' title='bbox 495 2310 614 2349; x_wconf 81' lang='lat' dir='ltr'><em>velim</em></span> <span class='ocrx_word' id='word_1_214' title='bbox 641 2323 774 2349; x_wconf 85' lang='lat' dir='ltr'><em>meam</em></span> <span class='ocrx_word' id='word_1_215' title='bbox 802 2316 975 2350; x_wconf 85' lang='lat' dir='ltr'><em>mortem</em></span> <span class='ocrx_word' id='word_1_216' title='bbox 1004 2317 1235 2365; x_wconf 72' lang='lat' dir='ltr'><em>exspectes,</em></span> <span class='ocrx_word' id='word_1_217' title='bbox 1263 2324 1339 2351; x_wconf 87' lang='lat' dir='ltr'><em>nec</em></span> <span class='ocrx_word' id='word_1_218' title='bbox 1363 2324 1514 2364; x_wconf 82' lang='lat' dir='ltr'><em>prope-</em></span> 
     </span>
     <span class='ocr_line' id='line_1_29' title="bbox 182 2388 897 2435; baseline -0.004 -6"><span class='ocrx_word' id='word_1_219' title='bbox 182 2402 250 2429; x_wconf 85' lang='lat' dir='ltr'><em>res</em></span> <span class='ocrx_word' id='word_1_220' title='bbox 277 2389 425 2435; x_wconf 83' lang='lat' dir='ltr'><em>moliri,</em></span> <span class='ocrx_word' id='word_1_221' title='bbox 452 2393 498 2427; x_wconf 81' lang='lat' dir='ltr'><em>ut</em></span> <span class='ocrx_word' id='word_1_222' title='bbox 526 2388 704 2427; x_wconf 76' lang='lat' dir='ltr'><em>velocius</em></span> <span class='ocrx_word' id='word_1_223' title='bbox 729 2391 897 2428; x_wconf 82' lang='lat' dir='ltr'><em>moriar.</em></span> 
     </span>
    </p>
   </div>
   <div class='ocr_carea' id='block_1_4' title="bbox 237 2465 1515 2522">
    <p class='ocr_par' dir='ltr' id='par_1_5' title="bbox 237 2465 1515 2522">
     <span class='ocr_line' id='line_1_30' title="bbox 237 2465 1515 2522; baseline -0.002 -13"><span class='ocrx_word' id='word_1_224' title='bbox 237 2468 483 2522; x_wconf 83' lang='lat' dir='ltr'><em>[Palillogia</em></span> <span class='ocrx_word' id='word_1_225' title='bbox 511 2467 626 2521; x_wconf 82' lang='lat' dir='ltr'><em>quid]</em></span> <span class='ocrx_word' id='word_1_226' title='bbox 662 2468 784 2508; x_wconf 89' lang='lat' dir='ltr'><em>distet</em></span> <span class='ocrx_word' id='word_1_227' title='bbox 817 2468 865 2508; x_wconf 85' lang='lat' dir='ltr'><em>ab</em></span> <span class='ocrx_word' id='word_1_228' title='bbox 906 2468 1141 2521; x_wconf 83' lang='lat' dir='ltr'><em>epanalepsi</em></span> <span class='ocrx_word' id='word_1_229' title='bbox 1180 2468 1301 2507; x_wconf 87' lang='lat' dir='ltr'><em>docet</em></span> <span class='ocrx_word' id='word_1_230' title='bbox 1338 2465 1515 2519; x_wconf 81' lang='lat' dir='ltr'><em>Gorgiae</em></span> 
     </span>
    </p>
   </div>
   <div class='ocr_carea' id='block_1_5' title="bbox 184 2549 449 2555">
    <p class='ocr_par' dir='ltr' id='par_1_6' title="bbox 184 2549 449 2555">
     <span class='ocr_line' id='line_1_31' title="bbox 184 2549 449 2555; baseline 0 0"><span class='ocrx_word' id='word_1_231' title='bbox 184 2549 449 2555; x_wconf 95' lang='lat' dir='ltr'><em> </em></span> 
     </span>
    </p>
   </div>
   <div class='ocr_carea' id='block_1_6' title="bbox 184 2576 1523 2851">
    <p class='ocr_par' dir='ltr' id='par_1_7' title="bbox 204 2576 1518 2736">
     <span class='ocr_line' id='line_1_32' title="bbox 204 2576 1518 2623; baseline -0.003 -9"><span class='ocrx_word' id='word_1_232' title='bbox 204 2578 227 2614; x_wconf 85' lang='lat'>8</span> <span class='ocrx_word' id='word_1_233' title='bbox 272 2579 415 2613; x_wconf 84' lang='lat' dir='ltr'><em>Nullum</em></span> <span class='ocrx_word' id='word_1_234' title='bbox 438 2583 490 2613; x_wconf 85' lang='lat' dir='ltr'><em>cst</em></span> <span class='ocrx_word' id='word_1_235' title='bbox 512 2578 665 2623; x_wconf 78' lang='lat' dir='ltr'><em>vitium.)</em></span> <span class='ocrx_word' id='word_1_236' title='bbox 702 2577 801 2612; x_wconf 88' lang='lat' dir='ltr'><em>Hinc</em></span> <span class='ocrx_word' id='word_1_237' title='bbox 833 2578 907 2613; x_wconf 78' lang='lat' dir='ltr'><em>inm</em></span> <span class='ocrx_word' id='word_1_238' title='bbox 936 2578 1087 2623; x_wconf 80' lang='lat' dir='ltr'><em>propria</em></span> <span class='ocrx_word' id='word_1_239' title='bbox 1118 2576 1320 2619; x_wconf 78' lang='lat' dir='ltr'><em>sententia,</em></span> <span class='ocrx_word' id='word_1_240' title='bbox 1353 2577 1377 2611; x_wconf 88' lang='lat' dir='ltr'><em>i.</em></span> <span class='ocrx_word' id='word_1_241' title='bbox 1402 2589 1433 2611; x_wconf 85' lang='lat' dir='ltr'><em>e.</em></span> <span class='ocrx_word' id='word_1_242' title='bbox 1460 2577 1518 2611; x_wconf 75' lang='lat' dir='ltr'><em>vis</em></span> 
     </span>
     <span class='ocr_line' id='line_1_33' title="bbox 272 2630 1518 2679; baseline -0.003 -8"><span class='ocrx_word' id='word_1_243' title='bbox 272 2636 482 2677; x_wconf 88' lang='lat' dir='ltr'><em>nominum,</em></span> <span class='ocrx_word' id='word_1_244' title='bbox 506 2647 599 2679; x_wconf 78' lang='lat' dir='ltr'><em>quae</em></span> <span class='ocrx_word' id='word_1_245' title='bbox 629 2636 728 2670; x_wconf 84' lang='lat' dir='ltr'><em>inest</em></span> <span class='ocrx_word' id='word_1_246' title='bbox 758 2635 796 2669; x_wconf 89' lang='lat' dir='ltr'><em>in</em></span> <span class='ocrx_word' id='word_1_247' title='bbox 831 2630 970 2669; x_wconf 66' lang='lat' dir='ltr'><em>as‘tutia</em></span> <span class='ocrx_word' id='word_1_248' title='bbox 994 2638 1062 2669; x_wconf 82' lang='lat' dir='ltr'><em>etc.</em></span> <span class='ocrx_word' id='word_1_249' title='bbox 1096 2633 1348 2678; x_wconf 82' lang='lat' dir='ltr'><em>subiungitur.</em></span> <span class='ocrx_word' id='word_1_250' title='bbox 1374 2655 1416 2661; x_wconf 83' lang='lat'><em>-</em></span> <span class='ocrx_word' id='word_1_251' title='bbox 1452 2647 1518 2679; x_wconf 81' lang='lat' dir='ltr'><em>quo</em></span> 
     </span>
     <span class='ocr_line' id='line_1_34' title="bbox 273 2689 1451 2736; baseline -0.003 -9"><span class='ocrx_word' id='word_1_252' title='bbox 273 2692 414 2727; x_wconf 79' lang='lat' dir='ltr'><em>virtutis</em></span> <span class='ocrx_word' id='word_1_253' title='bbox 437 2692 561 2736; x_wconf 81' lang='lat' dir='ltr'><em>laude)</em></span> <span class='ocrx_word' id='word_1_254' title='bbox 584 2691 609 2725; x_wconf 89' lang='lat' dir='ltr'><em>i.</em></span> <span class='ocrx_word' id='word_1_255' title='bbox 635 2704 667 2726; x_wconf 85' lang='lat' dir='ltr'><em>e.</em></span> <span class='ocrx_word' id='word_1_256' title='bbox 693 2702 777 2736; x_wconf 88' lang='lat' dir='ltr'><em>quo,</em></span> <span class='ocrx_word' id='word_1_257' title='bbox 802 2691 889 2725; x_wconf 87' lang='lat' dir='ltr'><em>dum</em></span> <span class='ocrx_word' id='word_1_258' title='bbox 912 2690 1040 2725; x_wconf 74' lang='lat' dir='ltr'><em>laudas</em></span> <span class='ocrx_word' id='word_1_259' title='bbox 1063 2692 1237 2734; x_wconf 76' lang='lat' dir='ltr'><em>tanquam</em></span> <span class='ocrx_word' id='word_1_260' title='bbox 1262 2689 1451 2725; x_wconf 72' lang='lat' dir='ltr'><em>virtutem.</em></span> 
     </span>
    </p>

    <p class='ocr_par' dir='ltr' id='par_1_8' title="bbox 184 2749 734 2795">
     <span class='ocr_line' id='line_1_35' title="bbox 184 2749 734 2795; baseline -0.002 -12"><span class='ocrx_word' id='word_1_261' title='bbox 184 2749 229 2785; x_wconf 78' lang='lat'><em>13</em></span> <span class='ocrx_word' id='word_1_262' title='bbox 273 2749 410 2795; x_wconf 81' lang='lat' dir='ltr'><em>magis)</em></span> <span class='ocrx_word' id='word_1_263' title='bbox 433 2758 520 2793; x_wconf 84' lang='lat' dir='ltr'><em>pro:</em></span> <span class='ocrx_word' id='word_1_264' title='bbox 545 2760 584 2782; x_wconf 82' lang='lat' dir='ltr'><em>eo</em></span> <span class='ocrx_word' id='word_1_265' title='bbox 607 2749 734 2794; x_wconf 84' lang='lat' dir='ltr'><em>magis.</em></span> 
     </span>
    </p>

    <p class='ocr_par' dir='ltr' id='par_1_9' title="bbox 185 2802 1523 2851">
     <span class='ocr_line' id='line_1_36' title="bbox 185 2802 1523 2851; baseline -0.001 -14"><span class='ocrx_word' id='word_1_266' title='bbox 185 2804 230 2837; x_wconf 68' lang='lat'><em>2⁵3</em></span> <span class='ocrx_word' id='word_1_267' title='bbox 264 2805 476 2851; x_wconf 81' lang='lat' dir='ltr'><em>[Palillogia</em></span> <span class='ocrx_word' id='word_1_268' title='bbox 499 2805 612 2851; x_wconf 59' lang='lat' dir='ltr'><em>quid]</em></span> <span class='ocrx_word' id='word_1_269' title='bbox 644 2805 747 2840; x_wconf 75' lang='lat' dir='ltr'><em>Haec</em></span> <span class='ocrx_word' id='word_1_270' title='bbox 778 2805 890 2840; x_wconf 70' lang='lat' dir='ltr'><em>verba</em></span> <span class='ocrx_word' id='word_1_271' title='bbox 921 2804 959 2838; x_wconf 90' lang='lat' dir='ltr'><em>in</em></span> <span class='ocrx_word' id='word_1_272' title='bbox 990 2803 1093 2838; x_wconf 86' lang='lat' dir='ltr'><em>codd.</em></span> <span class='ocrx_word' id='word_1_273' title='bbox 1124 2815 1196 2839; x_wconf 90' lang='lat' dir='ltr'><em>non</em></span> <span class='ocrx_word' id='word_1_274' title='bbox 1229 2804 1421 2850; x_wconf 73' lang='lat' dir='ltr'><em>leguntur.</em></span> <span class='ocrx_word' id='word_1_275' title='bbox 1460 2802 1523 2836; x_wconf 85' lang='lat' dir='ltr'><em>sed</em></span> 
     </span>
    </p>
   </div>
  </div>
 </body>
</html>
