1793 3207
263 194 330 240 44
424 200 916 238 Animnvnnswnns
941 200 1191 237 onmem.
1241 203 1282 237 L.
1306 202 1357 244 11,
1380 200 1463 235 τιεί.

266 320 421 372 ipsum3
457 328 552 356 nam
589 318 766 361 crimen.
803 317 913 370 quod
941 317 1196 370 arguendum
1226 325 1311 365 est,
1350 330 1545 371 nusquam
1566 316 1627 357 le-

268 387 410 441 gimus,
439 396 521 437 quo
549 386 687 426 tamen
719 384 833 426 nuno
856 385 978 427 modo
1009 397 1225 439 possumus
1254 394 1410 429 car-ebe.
1439 387 1486 428 ld
1502 386 1629 441 igitur

267 453 394 495 debet
421 454 556 495 latere
583 455 626 495 in
655 455 805 495 vitioso
834 462 903 503 ut,
941 460 1036 509 post
1064 455 1144 502 ita,
1183 468 1266 506 quo
1305 457 1538 508 exemplum
1564 456 1629 496 in·

267 521 453 571 ducitur3
482 522 609 576 idque
638 524 814 564 coniicio
844 537 937 565 esse
957 525 1138 577 furium.
1196 524 1300 563 Nam
1338 536 1362 564 a
1391 526 1631 565 temeritatis

268 590 511 632 definitione
550 593 734 646 arguitur
772 595 941 634 crimen.
980 592 1078 646 quid
1113 597 1248 633 autem
1285 593 1415 646 magis
1453 596 1633 633 temera*

268 660 394 708 rium,
423 674 544 713 quam
573 661 705 702 furari
735 662 936 702 divitem?
966 662 1029 701 Ea
1059 674 1185 714 porro
1215 661 1292 701 dea
1320 662 1461 714 copias
1487 661 1634 713 largas

269 734 532 770 concesserat
561 729 697 775 diviti;
735 742 836 782 ergo
874 729 1053 769 debebat
1092 730 1248 768 crimen
1284 729 1326 767 in
1362 728 1490 781 copiis
1530 729 1635 768 maie

242 797 471 850 ‚quaesitis
500 809 591 837 esse
630 796 829 849 positum3
869 798 978 850 quod
1018 801 1154 837 autem
1194 796 1370 846 crimen,
1407 796 1459 837 ud
1498 798 1636 850 copias

271 864 478 918 augendas
508 866 746 917 pertinens,
773 870 840 904 aut
869 867 910 905 in
940 870 987 906 ut
1016 865 1147 906 latere
1180 865 1454 912 commodius,
1486 869 1556 905 aut
1584 865 1633 905 ad

270 934 444 974 verbum
473 933 588 985 jecit·
613 933 767 974 referri
797 935 944 976 melius
974 935 1122 988 possit,
1163 947 1285 987 quam
1312 920 1505 985 furium,
1537 934 1638 974 nihii

271 1001 450 1043 invenio.

386 1071 546 1111 crimen
576 1072 791 1124 arguitur)
823 1076 1003 1124 augetur
1041 1070 1188 1110 suadet
1229 1069 1332 1117 Rk.;
1391 1070 1464 1110 sed
1494 1074 1638 1109 contra

274 1137 462 1186 schema3
503 1139 609 1178 ratio
649 1140 759 1178 enim
796 1139 1057 1191 supponitur.
1096 1159 1152 1167 --
1212 1137 1447 1190 locupletis)
1486 1137 1640 1177 Omnes

275 1206 462 1247 scribunt
489 1210 654 1259 praeter
682 1206 753 1255 E„
785 1208 855 1259 qui
884 1207 1121 1259 locupletes,
1153 1208 1267 1259 quasi
1297 1207 1353 1246 ita
1379 1207 1524 1246 vitium
1553 1206 1639 1247 exi·

276 1276 478 1314 meretur.

388 1340 459 1383 Vl.
491 1340 823 1396 Prosopopoeia.
847 1354 1058 1394 personas
1087 1344 1130 1381 in
1160 1341 1269 1392 reb.)
1300 1343 1348 1381 iis
1377 1341 1500 1381 rebus
1529 1340 1641 1382 S.—

275 1411 579 1460 sermonemve)
617 1411 674 1450 ita
704 1410 749 1450 L.
782 1410 808 1449 1.
840 1410 889 1450 A.
927 1422 1240 1463 sermonemque
1279 1409 1330 1449 Ε.
1373 1422 1452 1449 om.
1483 1422 1561 1462 que
1590 1407 1642 1448 V.

278 1479 484 1519 actionem
525 1492 576 1518 ac
605 1492 728 1519 serm.
757 1478 809 1519 R.
839 1501 895 1507 -
939 1475 1152 1531 Namque)
1183 1476 1298 1517 Nam
1328 1492 1421 1517 cum
1451 1478 1500 1517 0.
1530 1477 1644 1517 IVam

279 1559 389 1586 corr.
423 1546 526 1595 Rk.;
564 1559 641 1600 ego
671 1560 766 1587 cum
795 1559 876 1586 non
904 1546 1174 1587 abiiciendum
1203 1550 1337 1594 ratus,
1367 1559 1557 1600 namque.
1590 1565 1644 1575 -

279 1621 323 1656 ec
351 1616 500 1668 pater)
544 1620 610 1655 est
632 1621 759 1668 pater
798 1616 848 1655 0.
888 1628 995 1655 corr.
1027 1615 1101 1662 E„
1138 1615 1256 1666 prob.
1295 1614 1372 1654 Rk.
1410 1639 1466 1646 —
1524 1615 1646 1654 Haec

269 1683 389 1735 sac.)
424 1682 537 1723 Hue'c
568 1683 618 1722 0.
650 1696 758 1723 corr.
790 1682 867 1723 uk.
928 1682 970 1721 S.
1010 1683 1147 1722 locum
1178 1683 1235 1722 ita
1263 1682 1494 1722 constituit:
1531 1682 1670 1721 IVam.

280 1765 374 1791 cum
414 1751 674 1791 crudelitatis
710 1757 846 1791 mater
885 1756 945 1790 est
984 1751 1184 1797 avaritia,
1223 1755 1310 1789 tum
1341 1755 1469 1802 paler
1497 1751 1646 1802 furor.

279 1819 351 1859 Ea
380 1819 474 1859 huic
493 1819 692 1871 facinori
716 1824 796 1860 etc.
826 1841 883 1848 —-
912 1818 1012 1872 quid
1038 1820 1078 1857 si
1110 1817 1278 1857 tandem
1317 1818 1451 1858 iudice
1489 1824 1647 1859 natura

282 1886 421 1944 hanc)
457 1888 506 1939 Q.
536 1902 569 1928 s.
601 1893 644 1936 t.‚
674 1889 851 1937 iudices,
883 1887 991 1927 lzanc
1022 1888 1071 1927 0.
1130 1885 1285 1928 Vitium
1328 1893 1447 1928 acute
1475 1889 1576 1928 vidit
1604 1887 1647 1927 S.

284 1961 330 1995 et
358 1957 544 2009 scripsit:
581 1957 692 2008 Quid
717 1959 757 1996 εἰ
782 1956 970 2003 tandem,
1003 1955 1184 2003 Iudices,
1225 1955 1341 2007 apud
1366 1957 1498 2008 ipsam
1526 1961 1649 1995 natu·

284 2036 380 2063 ram
409 2023 529 2063 hanc.
559 2024 694 2063 iudice
722 2030 876 2064 natura
907 2023 959 2064 V.
990 2024 1037 2063 D.
1066 2025 1109 2062 in
1139 2037 1265 2075 marg.
1298 2023 1347 2062 R.
1364 2045 1420 2052 -—-
1448 2028 1497 2063 ut
1523 2026 1649 2077 quae)

285 2095 411 2142 atque
450 2089 502 2130 V.
535 2090 587 2129 R.
628 2094 745 2142 atque·
782 2093 825 2130 L.
859 2092 884 2129 Ι.
917 2092 965 2130 Α.
1007 2104 1057 2129 ac
1087 2103 1193 2142 quae
1228 2091 1270 2130 S.
1302 2103 1408 2143 quae
1445 2090 1497 2131 V.
1529 2092 1576 2131 Ι).
1606 2093 1649 2131 in

284 2170 412 2210 marg.
451 2156 501 2197 R.
542 2157 654 2210 quod
684 2158 947 2210 amplectitur
984 2157 1082 2206 Rk.;
1119 2171 1196 2211 ego
1226 2163 1269 2197 at
1306 2162 1567 2209 servaturus,
1605 2164 1651 2200 ut

286 2239 406 2278 quae.
437 2248 495 2255 --
533 2226 691 2266 virilem
730 2232 774 2266 et
807 2226 929 2276 mul.)
966 2228 1042 2266 vir.
1082 2231 1125 2266 et
1158 2238 1237 2265 om.
1277 2226 1327 2266 Ο.
1366 2228 1559 2280 apposuit
1593 2227 1651 2275 S„

287 2294 360 2335 sed
392 2293 539 2335 ordine
579 2295 766 2344 inverso,
805 2295 1046 2338 muliebrem
1076 2295 1336 2349 ve'rz'lemque,·
1375 2297 1522 2337 melius
1559 2295 1652 2346 Rk„

289 2368 332 2402 ut
363 2375 441 2415 ego
471 2363 723 2403 exhibui.-
753 2369 795 2405 et
807 2378 885 2419 ego
903 2364 1031 2415 hunc)
1062 2370 1105 2404 et
1132 2377 1211 2405 om.
1242 2365 1292 2405 Ο.
1310 2366 1352 2404 ei
1362 2377 1440 2417 ego
1458 2365 1499 2405 S.
1517 2369 1560 2404 et
1573 2377 1652 2417 ego

284 2430 437 2484 Rigalt.
467 2431 519 2472 ad
547 2431 726 2472 phaedr.
755 2432 836 2481 lv,
867 2433 935 2472 14.
966 2433 1075 2484 quod
1103 2432 1206 2473 mihi
1234 2446 1378 2472 verum
1409 2423 1653 2479 visum'est3

286 2498 365 2538 Rk.
383 2499 522 2547 maiit,
553 2505 597 2540 et
622 2500 731 2539 hunc
763 2501 1084 2541 ostenderemus.
1099 2524 1156 2531 -
1172 2500 1366 2541 muliebri
1389 2522 1446 2530 --
1463 2498 1652 2553 abusum)

288 2568 354 2606 im·
378 2567 499 2608 libere·
521 2570 605 2608 ritu
636 2582 727 2609 csse
754 2582 829 2609 suo
848 2583 1026 2623 corpore
1040 2568 1100 2610 ad
1113 2569 1259 2609 lusum.
1291 2570 1471 2610 correxit
1485 2568 1654 2623 egregie

289 2635 334 2675 S.
352 2655 419 2667 --—-
447 2636 525 2676 sed
549 2637 743 2690 (leprae.)
772 2639 827 2677 ita
857 2640 914 2681 A..
938 2639 1083 2688 ceteri,
1112 2651 1171 2679 se.
1195 2661 1251 2668 —
1284 2643 1528 2679 convertere
1548 2649 1654 2689 pro-

282 2705 481 2759 perasse)
510 2711 751 2746 convertere
778 2719 825 2747 se
847 2712 1120 2761 properasset
1159 2705 1202 2747 S.
1231 2709 1398 2760 praeter
1428 2704 1651 2746 necessita-

290 2779 389 2821 tem,
419 2776 466 2812 ut
493 2776 692 2813 monstrnt
721 2774 797 2814 Rk.
