1793 3207
851 181 885 229 5

197 326 418 382 Hegesiae:
445 324 701 369 Miseremini
721 330 814 378 mei,
838 328 1004 377 iudices,
1034 340 1154 383 quem
1178 328 1399 369 coniurata
1419 328 1539 387 tanta

196 409 257 447 vis
283 406 538 449 inimicorum
567 415 790 464 oppugnat.
848 407 1107 450 Miseremini
1128 408 1368 458 solitudinis,
1396 408 1538 448 cuine

196 487 239 525 in
268 497 424 528 summo
459 487 618 541 quidem
654 493 837 543 tempore
867 489 1051 542 periculi
1083 487 1230 530 liberos
1258 486 1452 528 adhibere
1479 483 1541 527 ad

197 576 448 606 communem
476 567 750 608 calamitatem
777 566 1083 621 deprecandam
1112 568 1265 607 licitum
1294 570 1367 605 est.
1410 564 1536 605 Mise-

196 647 345 687 remini
364 649 593 697 senectutis,
619 660 725 700 quae
752 661 818 689 me
846 649 970 689 etiam
997 648 1085 688 sine
1113 648 1260 687 ceteris
1287 646 1406 685 malis
1433 658 1535 699 gra-
1557 642 1586 685 5

194 726 297 766 viter
334 725 551 778 defatigat.
618 724 800 769 Varietas
837 728 1077 777 verborum,
1112 739 1216 780 quse
1252 724 1421 767 eandem
1456 724 1537 765 vim

194 805 330 854 habet,
359 805 591 845 huiusmodi
622 810 694 846 est.
737 808 1047 848 Demosthenis:
1076 807 1219 856 Dolui,
1248 806 1535 853 Athenienses,

194 883 267 923 ubi
291 883 405 923 illum
434 882 730 924 clandestinum
756 884 911 925 hostem
938 887 1108 939 impune
1127 888 1239 926 intra
1266 898 1430 926 murum
1455 883 1541 925 vidi

193 964 368 1015 vagari‚·
425 975 554 1015 aegre
593 964 688 1010 tuli,
719 963 832 1016 quod
867 966 1043 1003 omnium
1079 969 1257 1003 vestrum
1282 966 1535 1016 facilitatem

194 1043 315 1083 unius
335 1041 518 1095 fallacia
546 1046 746 1083 tentatam
773 1042 979 1091 intellexi,-
1009 1044 1222 1084 commovit
1249 1056 1325 1093 me,
1356 1043 1466 1096 quod
1490 1044 1535 1084 in
1559 1038 1614 1083 10

195 1122 434 1176 accipienda
462 1124 613 1163 iniwia
633 1124 857 1177 plerosque
872 1124 1071 1163 laetitiam
1086 1127 1336 1163 ostentantes
1352 1125 1536 1176 cognovi.

307 1200 414 1241 Vlll.
445 1201 738 1243 EPIPHORA.
797 1203 911 1243 luter
951 1203 1031 1243 hoc
1068 1202 1232 1243 schema
1268 1205 1310 1242 et
1348 1203 1537 1255 superius

194 1280 274 1321 hoc
300 1280 494 1330 interest,
538 1282 648 1333 quod
683 1282 725 1322 in
762 1283 974 1334 superiore
1003 1294 1124 1321 unum
1153 1281 1320 1321 verbum
1348 1280 1535 1333 pluribus

194 1360 406 1400 sententiis
435 1361 718 1413 anteponitur,
758 1361 801 1400 in
837 1361 916 1400 hoc
943 1363 1075 1400 sutem
1105 1360 1281 1399 omnium
1310 1360 1533 1402 sententia-

194 1450 285 1477 rum
313 1451 435 1477 unum
464 1442 587 1491 atque
616 1439 726 1479 idem
764 1439 1023 1478 novissimum
1061 1439 1240 1478 verbum.
1298 1437 1531 1478 Sosim-stis:
1557 1439 1610 1484 15

194 1516 296 1559 Non
325 1519 431 1558 enim
460 1518 565 1559 ala'us
593 1520 680 1573 quis
709 1522 791 1566 est,
828 1519 943 1559 cuius
974 1531 1101 1571 opera
1129 1519 1172 1558 in
1200 1518 1275 1557 has
1303 1517 1532 1572 difficulta-

158 1589 161 1591 ’
195 1601 256 1638 tes
284 1596 567 1644 inciderimus5
604 1597 680 1638 sed
711 1599 822 1637 initio
861 1597 918 1637 ad
951 1597 1099 1637 bellum
1127 1584 1427 1650 suscipiendam
1454 1610 1532 1637 nos

188 1677 370 1730 primum
407 1677 567 1730 impulit
599 1676 839 1731 Philippus;
883 1675 1030 1716 deinde
1065 1678 1107 1716 in
1143 1678 1231 1730 ipso
1271 1676 1368 1716 belli
1391 1676 1533 1717 labore

196 1769 247 1795 ac
267 1756 458 1809 periculo
488 1755 667 1796 deseruit
702 1769 778 1796 nos
806 1755 1020 1808 Philippus
1025 1770 1042 1803 ;
1083 1757 1296 1796 novissime
1323 1769 1433 1795 nunc
1461 1769 1531 1796 ca-

196 1835 374 1875 lamitati
404 1839 573 1876 nostrae
603 1834 782 1889 proinde
817 1839 940 1889 atque
975 1834 1121 1889 culpae
1157 1836 1390 1876 succensuit
1423 1834 1531 1876 idem
1552 1834 1609 1878 20
1641 1843 1645 1847 ’

192 1913 424 1967 Philippus.
665 1955 677 1963 ἱ

306 1992 377 2032 ῙΧ.
410 1990 714 2032 GOENOTES.
773 1992 861 2033 Hoc
898 1992 1070 2032 duorum
1113 1992 1371 2046 superiorum
1417 1992 1535 2033 sehe-

194 2073 346 2111 matum
374 2072 701 2111 coniunctionem
729 2072 867 2120 habet,
897 2071 1006 2124 quod
1036 2074 1079 2111 et
1106 2072 1155 2111 ab
1185 2084 1265 2111 uno
1294 2071 1420 2112 verbo
1449 2083 1536 2111 om-

195 2161 268 2189 ues
299 2151 525 2190 sententiae
552 2151 777 2203 incipiunt,
806 2154 848 2191 et
867 2152 909 2191 in
926 2163 1006 2191 uuo
1025 2151 1243 2191 novissimo
1263 2151 1534 2202 acquiescunt.

195 2227 432 2268 Stratoclis:
468 2229 673 2279 Quaeritis
690 2243 839 2270 novam
862 2232 1063 2270 rationem
1087 2229 1436 2270 administrandae
1453 2230 1535 2269 rei·
1556 2228 1612 2271 25

190 2305 392 2360 publicae.
450 2306 519 2346 At'
537 2308 722 2359 reperire
748 2308 978 2355 meliorem,
1008 2321 1130 2361 quam
1159 2321 1187 2347 a
1213 2307 1435 2348 maioribus
1463 2321 1535 2348 ac-

196 2386 375 2439 cepistis,
412 2397 497 2424 non
525 2389 711 2439 potestis.
775 2386 981 2436 Quaeritis
1016 2388 1206 2426 maximis
1242 2386 1438 2426 sumtibus
1456 2386 1534 2437 fa-

173 2496 175 2498 -
196 2464 372 2512 ciendis,
408 2463 608 2518 quomodo
643 2477 697 2504 ne
725 2464 876 2504 tributa
905 2463 1144 2516 conseratis.
1201 2464 1266 2510 At
1290 2465 1350 2504 his
1378 2478 1407 2504 a
1434 2476 1535 2504 con·

194 2545 293 2586 siliis
311 2544 482 2596 fractas
511 2545 670 2585 aerarii
693 2556 804 2598 opes,
834 2556 936 2597 quas
965 2545 1133 2598 cupitis,
1162 2557 1318 2598 augere
1345 2556 1431 2584 non
1453 2557 1535 2598 po-

194 2678 241 2714 ae
284 2678 338 2714 his
361 2690 385 2712 a
406 2677 547 2722 consil.)
570 2676 597 2712 i.
621 2689 653 2713 e.
677 2676 752 2721 his,
775 2688 842 2713 seu
864 2677 1017 2720 talibus,
1040 2687 1063 2712 a
1086 2675 1257 2712 consiliis
1281 2677 1454 2724 profecti.

194 2735 241 2770 29
286 2729 374 2781 qaas
398 2734 547 2780 cupitis)
582 2733 691 2779 quasi
721 2733 903 2780 scriptum
925 2733 995 2777 sit,
1028 2744 1116 2779 quas
1138 2733 1269 2781 cupitis
1292 2745 1446 2782 augere,
1467 2745 1533 2769 au-

282 2803 371 2838 gere
392 2803 464 2827 non
480 2791 641 2837 potestis.
