1793 3207
836 237 903 267 vll
940 251 942 253 ’

199 391 469 438 didicerunt.
554 393 683 451 Quae
725 408 869 454 quum
912 394 976 439 ita
1019 395 1130 447 sint,
1176 392 1376 439 mediam
1411 389 1543 450 quasi

199 470 427 531 quandam
456 474 694 519 stationem
724 489 823 520 esse
846 475 1166 534 quaerendam,
1200 488 1293 533 qua
1323 470 1542 516 brevibus

197 552 335 598 remis
349 587 361 609 ,
396 559 637 613 antequam
670 555 716 599 in
751 555 896 600 altum
927 555 1241 614 provehantur
1274 551 1540 598 adolescen-

197 636 290 690 teS,
325 633 443 678 vires
478 634 764 692 experiantur
798 641 845 678 et
879 639 1137 691 exerceant,
1178 646 1357 688 omnes,
1390 645 1541 690 spero,

196 726 376 759 mecum
411 712 700 758 consentient.
781 714 943 774 Neque
974 729 1080 777 rego
1126 728 1269 774 quum
1302 709 1428 755 varia
1460 709 1542 755 diu

195 793 485 851 multumque
517 798 761 851 tentarem,
795 795 1047 854 quidquam
1081 794 1244 851 inveni,
1279 790 1407 851 quod
1442 805 1540 834 ma-

195 871 293 915 iore
327 885 432 914 cum
466 870 620 915 fructu
653 872 708 916 iis
742 873 1022 931 traderetur,
1066 874 1146 933 qui
1179 872 1355 933 primae
1389 870 1540 929 Gym-

196 950 423 995 nasiorum
456 950 589 995 classi
623 957 702 994 aut
731 950 951 1009 adscripti
977 959 1094 1009 sunt,
1129 959 1207 997 aut
1236 949 1540 1004 adscribendi,

196 1016 340 1088 quam‘
363 1028 463 1090 ipsa
493 1029 611 1076 haec
644 1030 855 1090 exempla
881 1029 1058 1075 Rutilii.
1120 1031 1192 1076 Ea
1224 1030 1343 1075 enim
1377 1036 1423 1075 et
1455 1044 1541 1075 no-

196 1110 369 1154 minum
401 1111 790 1170 praoecriptorum
825 1110 1096 1156 auctoritate
1130 1118 1177 1154 et
1209 1110 1369 1169 lepido
1401 1125 1541 1171 argu-

195 1196 350 1234 mento
385 1189 485 1250 ipsa
514 1189 574 1234 ad
603 1189 853 1252 legendum
882 1190 1241 1237 adolescentium
1264 1190 1436 1236 animos
1457 1187 1542 1234 ad-

195 1269 380 1323 liciunt3
409 1270 623 1316 orationis
650 1278 804 1316 autem
832 1287 902 1316 ars
928 1272 993 1317 sic
1023 1277 1091 1317 est
1115 1272 1161 1315 in
1187 1271 1396 1316 omnibus
1431 1284 1541 1315 con-

195 1348 369 1408 spicua,
402 1356 454 1394 ut
488 1356 649 1409 sponte
682 1350 911 1395 incurrere
944 1350 990 1394 in
1024 1352 1181 1396 oculos
1214 1358 1259 1394 et
1293 1350 1354 1394 ad
1387 1348 1540 1392 imita-

196 1428 365 1473 tionem
398 1429 589 1473 invitare
618 1429 843 1487 videatur,
878 1430 1145 1489 praesertim
1174 1445 1278 1474 cum
1306 1437 1401 1473 tam
1430 1428 1539 1472 bre-

197 1507 270 1552 via
292 1508 393 1565 sint,
424 1508 609 1568 eiusque
637 1508 954 1568 simplicitatis,
981 1524 1120 1569 quam
1148 1509 1297 1568 quivis
1325 1522 1377 1553 se
1404 1521 1540 1566 posse

198 1588 450 1647 exprimere
483 1594 648 1648 speret.
719 1589 874 1648 Atque
908 1604 962 1634 ea
995 1588 1353 1634 adolescentium
1387 1586 1539 1633 studia

196 1681 288 1725 qua
335 1674 432 1712 arte
468 1667 584 1712 mihi
631 1667 844 1727 quidem,
891 1682 1028 1728 quem
1074 1683 1180 1713 usus
1214 1668 1305 1711 iam
1341 1666 1538 1720 edtcuit,

196 1747 400 1808 regenda
441 1748 705 1804 videantur,
753 1747 944 1793 fortasse
983 1763 1070 1793 non
1106 1748 1243 1807 plane
1275 1747 1435 1792 inutile
1468 1745 1538 1789 fa—

196 1826 327 1882 ciam,
356 1827 395 1872 si
423 1828 580 1887 paucis
610 1841 871 1886 exposuero.
924 1827 1222 1871 Tradendum
1248 1827 1390 1888 igitur
1414 1825 1539 1870 hunc

196 1905 407 1949 libellum
452 1906 515 1951 eis
564 1906 928 1952 adolescentibus
972 1906 1151 1963 iudico,
1199 1907 1278 1965 qui
1311 1904 1539 1950 secundae

197 1985 353 2030 classis
385 1985 658 2030 lectionibus
692 1986 894 2046 singulos
925 1985 1015 2029 iam
1051 2000 1189 2031 annos
1217 1984 1538 2035 interfuerunt;

199 2079 252 2108 eo
288 2064 477 2124 quidem
511 2064 721 2122 consilio,
762 2070 814 2109 ut
851 2065 993 2110 altera
1028 2080 1210 2125 quaque
1245 2062 1540 2108 hebdomade

197 2159 287 2188 non
332 2160 385 2189 ea
426 2160 544 2204 quae
587 2145 752 2205 reliqui
787 2144 1000 2205 discipuli
1036 2145 1209 2191 dictata
1240 2144 1402 2189 Latine
1435 2157 1538 2187 ver-

197 2230 308 2280 tant,
342 2224 427 2269 sed
451 2225 568 2270 haec
590 2225 844 2285 figurarum
867 2227 1087 2286 exempla,
1122 2224 1285 2270 similia
1310 2223 1538 2268 invenien-

196 2310 279 2359 tes,
313 2302 556 2347 imitentur.
625 2304 689 2349 Et
723 2319 998 2362 quamquam
1029 2305 1103 2349 vel
1131 2304 1415 2348 definitiones
1437 2303 1537 2347 Ru-

197 2382 285 2427 tilii
318 2382 394 2426 vel
426 2383 633 2440 exempla
665 2382 788 2441 ipsa,
836 2383 874 2427 si
907 2383 1047 2427 modo
1081 2389 1211 2428 notas
1255 2390 1446 2442 propter
1487 2379 1536 2422 id

197 2463 348 2522 ipsum
376 2461 634 2521 suppositas
663 2468 834 2506 attente
863 2462 1035 2523 legant,
1067 2463 1156 2523 ipsi
1188 2477 1274 2522 per
1307 2476 1355 2505 se
1389 2466 1435 2502 et
1465 2459 1536 2503 le-

198 2557 310 2603 gere
349 2541 563 2601 discipuli
609 2548 655 2585 et
696 2541 946 2586 imitatione
979 2543 1108 2601 sequi
1143 2555 1277 2601 posse
1309 2538 1536 2595 videntur,

199 2628 362 2679 tamen,
396 2622 502 2680 quia
529 2636 647 2681 quae
674 2636 789 2666 nova
822 2628 939 2679 sunt,
974 2621 1231 2667 difficiliora
1266 2620 1538 2680 plerumque

123 2719 126 2722 ·
198 2702 345 2748 videri
379 2702 539 2759 solent,
574 2701 725 2759 velim,
766 2708 1007 2761 antequam
1041 2699 1102 2746 ad
1135 2700 1433 2747 imitationem
1462 2700 1536 2758 ip-

206 2797 301 2828 sam
337 2781 515 2828 veniant
528 2816 540 2840 ,
576 2782 775 2842 aliquam
807 2782 971 2828 Rutilii
1004 2787 1186 2842 partem
1217 2786 1412 2828 tractent
1440 2793 1538 2824 ma-
