1793 3207
906 213 974 262 16

260 364 339 406 boc
370 360 587 403 ηοοίσεὴιιο
612 360 740 413 facto
779 366 882 403 cum·
905 360 1079 416 plenum
1090 368 1103 421 ι’
1113 361 1302 405 malitiae
1328 363 1615 422 perfidiaeque

258 442 492 490 invenirem,
521 441 668 481 merim
685 440 995 494 reprehendere
1015 445 1141 494 atque
1156 440 1292 482 edesse
1310 448 1442 499 coepi.
1477 443 1616 498 Quac-

256 524 345 563 ritis
364 521 570 574 fortasse,
598 520 697 574 quid
725 520 927 562 accident
938 533 1126 569 caussae,
1155 521 1423 575 quamobrem
1441 526 1617 567 eundem

256 606 300 644 et
326 601 493 644 laudem
522 606 565 643 et
578 602 837 655 vituperem?
872 600 995 653 Quod
1010 600 1119 641 idem
1138 606 1392 642 commutata
1405 604 1618 646 voluntate

206 679 233 724 5
256 697 343 725 non
371 687 444 735 est,
473 683 546 737 qui
560 682 728 734 suerat,
758 695 891 736 neque
918 680 1027 722 idem
1055 695 1167 723 nunc
1194 681 1248 722 de
1261 695 1306 723 se
1323 681 1473 726 audire
1487 682 1618 735 debet,

255 764 370 818 quod
391 765 511 817 prius
539 766 784 810 consuerat,
814 776 909 802 cum
936 764 1026 803 sine
1053 775 1170 804 noxa
1197 776 1244 803 se
1269 763 1457 818 gerebat.
1513 761 1618 804 Non

258 844 487 885 arbitratus
515 856 560 883 es
587 844 729 896 egitur,
757 855 906 883 rursus
936 857 1031 883 eum
1067 857 1334 886 reversurum
1366 845 1521 899 offido,
1551 849 1617 885 at-

255 937 335 977 que
369 924 547 963 amicum
577 921 651 963 tibi
666 922 899 974 futurum?
934 914 1182 975 Quomodo?
1211 925 1433 973 conscium,
1456 928 1618 965 tantum

254 1005 421 1055 facinus
448 1006 492 1044 in
520 1017 587 1045 me
617 1003 854 1055 admisisse,
891 1009 937 1045 ut
965 1005 1168 1059 reliquum
1197 1010 1357 1059 tempus
1385 1018 1518 1059 neque
1547 1005 1617 1046 be-

175 1080 233 1124 ·10
255 1086 403 1138 neficio
435 1085 595 1134 locum,
621 1098 756 1137 neque
785 1084 1082 1125 benivolentiae
1109 1098 1224 1138 spem
1252 1085 1534 1138 relinqueret?

370 1164 442 1206 IV.
472 1163 787 1204 PROLEPSIS.
846 1164 936 1205 Hoc
965 1168 1042 1214 est,
1070 1177 1165 1207 cum
1195 1165 1239 1205 id
1268 1164 1379 1218 quod
1406 1164 1450 1205 in
1470 1164 1616 1205 adver-

256 1245 353 1285 sarii
383 1257 545 1293 caussa,
583 1247 654 1284 aut
692 1244 734 1283 in
763 1243 910 1284 iudicis
941 1244 1136 1296 opinione
1165 1257 1257 1285 esse
1285 1249 1358 1285 aut
1385 1244 1480 1285 fore
1507 1244 1616 1285 urbi-

255 1328 414 1363 tramur
442 1324 696 1363 contrarium
727 1323 866 1371 nobis,
904 1336 1255 1376 praeoccupamus
1284 1324 1424 1365 dicere
1454 1330 1497 1365 et
1523 1336 1615 1363 cum

252 1404 413 1444 ratione
442 1402 680 1443 dissolvere.
739 1402 1052 1443 Demosthenis:
1088 1403 1230 1456 Atque
1258 1416 1337 1456 ego
1375 1404 1515 1452 illum,
1552 1404 1616 1444 iu-

175 1483 230 1528 15
253 1483 380 1532 dices,
409 1482 592 1523 arbitror
620 1481 863 1536 Lycurgum
894 1481 1156 1523 laudatorem
1178 1482 1501 1536 producturum,
1535 1485 1617 1525 sci-

253 1565 352 1603 licet
386 1565 460 1616 qui
492 1565 549 1603 sit
578 1565 692 1603 testis
727 1564 815 1603 eius
843 1562 1008 1616 pudori
1040 1576 1092 1603 ac
1122 1563 1341 1616 probitati.
1411 1562 1499 1604 Sed
1535 1576 1614 1617 ego

252 1638 517 1697 Lycurgum,
561 1642 674 1683 vobis
703 1642 1017 1696 praesentibus,
1054 1642 1133 1682 hoc
1168 1656 1298 1683 unum
1331 1641 1614 1696 interrogabo,

252 1724 403 1764 velitne
432 1736 477 1764 se
505 1724 677 1764 similem
708 1736 798 1764 esse
826 1723 956 1771 illius,
985 1723 1121 1775 factis
1150 1727 1194 1763 et
1218 1722 1431 1764 moribus?
1494 1721 1618 1775 Quod

250 1805 292 1844 si
314 1805 492 1857 negarit,
521 1805 623 1843 satis
642 1804 812 1855 factum
841 1803 952 1843 vobis
982 1816 1072 1842 esse
1101 1803 1154 1843 de
1181 1805 1357 1843 veritate
1372 1807 1518 1843 nostra
1542 1802 1615 1843 de-

173 1883 230 1925 20
253 1883 368 1923 bebit.
430 1884 595 1936 Lysiae:
633 1882 734 1923 Hac
763 1886 952 1923 oratione
980 1885 1146 1936 saepius
1174 1882 1291 1936 apud
1316 1896 1383 1923 me
1409 1882 1616 1932 utebatur,

254 1968 299 2002 et
324 1962 492 2011 orabat,
531 1967 577 2002 ut
613 1976 786 2003 suarum
826 1976 1124 2002 aerumnarum
1162 1963 1408 2009 misererer,
1450 1962 1616 2013 inopiae

254 2041 526 2082 subvenirem.
581 2041 690 2092 Quid
715 2042 875 2081 multa?
904 2046 1132 2082 commotus
1160 2041 1397 2081 humanitus
1419 2039 1615 2094 precibus

255 2121 505 2174 deprecanti
529 2120 641 2173 quod
660 2121 833 2173 petebat
858 2119 963 2169 dedi,
992 2120 1105 2160 solus
1132 2120 1223 2169 soli,
1253 2134 1332 2174 quo
1361 2121 1497 2161 minus
1512 2125 1615 2161 nota

256 2201 477 2241 calamitas
505 2199 680 2241 hominis
710 2205 828 2240 esset.
869 2199 955 2240 Sed
980 2204 1028 2240 ut
1045 2204 1228 2253 paratus
1254 2202 1413 2242 venisse
1440 2201 1615 2249 videtur,

1529 2282 1615 2310 tam

277 2338 300 2373 7
345 2347 568 2371 reversurum
593 2335 734 2381 officio)
758 2334 930 2380 plerique
954 2346 1081 2370 omnes
1106 2335 1246 2379 dicunt,
1270 2339 1459 2371 revertere
1482 2335 1529 2372 ad
1553 2335 1614 2370 of-

345 2393 487 2427 ficium.

272 2450 296 2484 8
341 2450 532 2491 conscium,
545 2449 706 2493 tantum)
730 2448 852 2494 magis
876 2460 897 2482 e
919 2449 1185 2484 consuetudine
1207 2449 1328 2484 latinu
1351 2451 1471 2490 esset,
1494 2448 1556 2493 qui
1576 2459 1615 2482 se

341 2508 433 2541 sciat
456 2511 598 2540 tantum
614 2507 764 2549 facinus
787 2507 824 2539 in
846 2517 901 2539 me
924 2506 1117 2540 admisisse.
1165 2506 1215 2539 cf.
1240 2507 1290 2540 11.
1315 2504 1361 2540 18
1390 2506 1520 2539 invitos
1549 2516 1613 2539 ne—

343 2564 495 2597 cessario
519 2563 648 2597 dicere.

254 2617 299 2652 19
344 2619 386 2652 de
407 2619 558 2652 veritate
583 2619 731 2662 nostra)
755 2618 782 2652 i.
806 2629 837 2652 e.
863 2619 907 2652 de
931 2618 1091 2653 veritate
1115 2617 1299 2652 orationis
1324 2621 1488 2659 nostrae,
1519 2616 1613 2649 veri-

345 2678 404 2708 tas
427 2678 466 2709 et
487 2674 550 2709 hic
573 2678 612 2710 et
635 2675 729 2711 alibi
753 2675 852 2721 apud
874 2675 996 2710 Rutil.
1020 2674 1165 2721 magis,
1198 2686 1311 2721 quam
1339 2674 1439 2720 apud
1468 2675 1612 2707 eeteros

345 2730 428 2764 eius
452 2730 535 2765 aevi
558 2732 774 2777 scriptores,
797 2732 970 2767 absolute
993 2732 1159 2777 ponitur.·

251 2786 300 2823 24
344 2791 387 2823 ut·
404 2787 584 2832 paratus)
608 2787 663 2823 sie
686 2800 833 2835 semper
855 2788 1095 2832 Latin131nos
1120 2799 1267 2834 semper
1288 2788 1442 2824 inverso
1465 2784 1611 2822 ordine:

344 2846 520 2890 gerfietet
541 2843 615 2880 wie
637 2856 678 2879 er
701 2857 748 2880 zu
770 2846 945 2882 kommen
969 2845 1128 2881 echoint.
