1793 3207
217 1152 512 1237 Traditum
536 1187 652 1234 mihi
677 1189 801 1236 hunc
825 1188 996 1234 librum
1019 1190 1187 1236 Rutilii
1212 1190 1435 1247 omnibus,
1460 1191 1565 1249 qui-

215 1266 302 1313 bus
349 1267 626 1313 erudiendae
669 1268 915 1315 iuventutis
960 1283 1123 1315 munus
1169 1269 1435 1314 mandatum
1482 1275 1563 1325 est,

213 1347 530 1392 auctoritatem
565 1348 878 1407 praescribere
914 1348 1052 1393 liceat
1087 1349 1171 1392 viri
1204 1348 1560 1407 prudentissimi,

212 1426 275 1472 D.
310 1426 648 1474 Ruhnkeni
657 1429 683 1473 i.
749 1429 794 1474 Is
823 1429 942 1473 enim
971 1428 1301 1487 praefationem
1332 1429 1443 1474 huie
1471 1428 1561 1487 ipsi

212 1507 425 1566 scriptori
474 1508 662 1569 egregie
708 1523 735 1552 a
780 1522 830 1553 se
875 1513 921 1551 et
962 1507 1281 1567 multipliciter
1316 1507 1559 1551 emendato

211 1587 504 1647 praemissam
537 1587 612 1633 his
644 1587 795 1633 verbis
831 1587 1085 1647 exorditur:
1119 1586 1231 1633 Non
1259 1586 1560 1648 Figurarum

209 1667 367 1720 ratio,
431 1667 523 1711 sed
554 1667 862 1728 pulcerrima
912 1667 1233 1712 maximorum
1289 1664 1559 1711 Orator-um.

210 1747 461 1807 exempla,
496 1746 665 1807 quibus
700 1747 939 1792 intuendis
972 1746 1310 1807 imitandisque
1334 1746 1455 1808 plus
1490 1744 1560 1790 ad

210 1826 528 1886 eloquentiam
551 1823 838 1888 proficitur,
869 1840 1013 1886 quam
1045 1826 1251 1870 omnium
1284 1825 1557 1869 Rhetorum

205 1906 487 1967 praeceptis
521 1905 855 1967 cognocendis‚
891 1905 1017 1950 hanc
1050 1905 1187 1966 apud
1216 1919 1303 1949 nos
1335 1905 1430 1949 vim
1464 1903 1555 1948 ha—

209 1984 434 2039 buerunt,
481 1990 555 2039 ut,
600 1986 822 2047 sepositis
870 1985 1109 2047 tantisper
1157 1984 1291 2037 aliis,
1337 1998 1462 2044 quae
1508 1983 1557 2026 in

209 2066 361 2110 lucem
389 2065 538 2110 edere
553 2064 876 2127 parabamus,
902 2065 1085 2109 Rutilio
1113 2064 1346 2125 temporis
1373 2061 1557 2122 aliquid

207 2144 574 2205 impertiremus.
632 2142 814 2207 Quibus
837 2144 1071 2206 exemplis
1096 2144 1296 2188 multum.
1318 2156 1555 2186 commen-

207 2223 416 2268 dationis
444 2216 635 2268 accedit
663 2238 727 2268 ex
753 2239 824 2277 eo,
859 2224 990 2284 quod
1013 2238 1109 2267 non
1138 2223 1293 2266 solum
1319 2222 1555 2281 decerpta

204 2307 313 2347 sunt
348 2316 410 2346 ex
445 2300 746 2356 oratoribus,
793 2303 876 2362 qui
905 2316 1138 2363 magnam
1163 2306 1367 2362 partem
1402 2300 1552 2344 inter-

204 2381 437 2433 ciderunt,
470 2380 562 2424 sed
591 2381 737 2425 etiam
769 2382 831 2426 de
858 2381 1067 2426 Graecis
1096 2377 1334 2440 sicsacta
1358 2379 1552 2431 Latina,

203 2468 256 2507 ut
289 2461 500 2516 Rutilius
534 2475 640 2506 eum
679 2458 932 2516 Cicerone,
980 2476 1120 2521 quem
1164 2460 1346 2504 iuvenis
1389 2472 1552 2502 senem

202 2540 372 2586 videre
397 2540 574 2602 potuit,
609 2545 827 2586 certasse
859 2539 1100 2585 videatur.
1413 2588 1415 2591 v

303 2622 458 2678 Atque
502 2620 576 2664 his
611 2620 798 2682 quidem
833 2619 985 2663 verbis
1018 2616 1382 2677 prudentissimis
1416 2616 1551 2660 simul

203 2701 377 2762 duplex
409 2699 528 2744 illud
558 2698 794 2746 consilium
825 2699 980 2759 aliquo
1005 2696 1146 2743 modo
1173 2695 1455 2755 descriptum
1481 2695 1549 2738 vi-

204 2781 298 2838 des,
334 2781 483 2840 quod,
520 2795 661 2839 quum
695 2780 819 2824 hunc
855 2779 1023 2824 librum
1056 2777 1280 2822 iuventuti
1313 2775 1432 2819 tradi
1469 2789 1552 2816 vo-
