1793 3207
842 243 929 275 xm

208 412 286 452 sae
319 417 394 448 me
436 403 497 448 ad
540 388 882 466 profligandum
919 402 1061 449 istum
1094 400 1322 463 pudorem·
1355 388 1560 462 impule-

207 490 337 543 runt,
382 483 473 530 hae
507 485 654 530 erant:
704 483 909 530 Maxima
942 482 1131 543 quidem
1172 477 1279 527 erat
1301 473 1556 527 utilitatum

206 565 336 624 ratio,
372 581 485 627 quas
518 562 603 612 usu
629 571 828 627 *experto
862 562 979 609 mihi
1011 554 1201 626 magnas
1236 553 1557 608 adolescemu-

205 648 285 704 lis,
319 647 357 693 si
391 648 517 692 hunc
549 646 760 691 libellum
795 643 1044 707 diligenter
1078 632 1367 700 tractarent,
1394 632 1558 702 parare

205 726 407 773 videbam
464 725 604 784 Quod
634 726 672 771 si
701 726 781 785 qui
806 732 951 784 erunt,
988 739 1104 786 quos
1127 723 1305 770 multo‘s‘
1323 722 1426 768 fore
1440 732 1558 769 'con-

205 808 325 865 fido,
373 801 460 865 qui*
477 800 579 851 hoc
612 805 849 851 consilium
877 806 1090 864 laudent,
1138 811 1204 850 utv
1235 803 1375 849 etiam
1415 802 1559 847 ratio-

203 901 308 931 nem
350 884 491 929 huius
537 883 747 929 editionis
792 885 899 928 inde
943 885 1199 945 profectam
1238 882 1556 945 comprobent,

204 976 484 1024 consequens
532 968 610 1010 est.
693 963 775 1010 Sin
820 965 900 1023 qui
943 962 1085 1008 futuri
1132 971 1279 1010 essent
1293 998 1306 1022 ,
1353 964 1434 1024 qui
1480 963 1557 1009 vel

202 1050 399 1106 propter
442 1043 709 1089 huiusmodi
756 1043 944 1090 consilia
988 1049 1141 1089 tamen
1176 1044 1452 1104 scriptorum
1484 1044 1557 1089 in-

203 1127 470 1188 tegritatem
503 1123 640 1170 haud‘
679 1124 969 1169 laedendam'
1001 1123 1255 1180 edicerent,
1302 1138 1405 1180 eos,
1454 1130 1557 1168 tan-

202 1220 342 1265 quam
377 1201 511 1249 aliter
544 1203 760 1262 sentiens,
806 1210 885 1249 aut
918 1218 1008 1249 non
1044 1203 1269 1249 curandos
1302 1203 1556 1262 censebam,

203 1292 283 1330 aut
327 1285 536 1330 modeste
577 1285 833 1346 rogandos,
880 1281 933 1329 ut
981 1300 1008 1329 a
1040 1299 1115 1329 me
1158 1282 1284 1329 hunc
1329 1283 1555 1342 libellum,

202 1380 291 1410 non
338 1381 365 1409 a
407 1364 586 1410 Rutilio
633 1380 755 1422 esse,
800 1363 893 1410 sed·
919 1364 1079 1409 utilem
1113 1390 1179 1397 —
1211 1364 1250 1410 si
1284 1355 1455 1409 modo!
1485 1369 1556 1399 -’-

202 1445 531 1505 praedicarent.
601 1445 762 1490 Altera
788 1458 898 1489 vero
929 1459 1065 1490 causa
1099 1449 1210 1501 erat,
1245 1443 1375 1503 quod
1408 1443 1557 1503 prod-

203 1540 301 1571 esse
334 1540 409 1569 me
441 1524 535 1570 hoc
569 1524 729 1569 libello
758 1540 847 1569 non
876 1525 1026 1570 solum
1056 1523 1438 1582 adolescentibus,
1473 1524 1557 1569 sed

191 1605 357 1649 ⁷etiam'
384 1605 563 1649 Rutilio
609 1603 845 1663 literisque
889 1596 1063 1649 Latinis
1107 1601 1393 1661 iudicabam,
1447 1603 1555 1663 quia

201 1699 290 1727 non
319 1690 493 1727 temere
522 1684 723 1729 calidum
751 1683 876 1728 istud
900 1683 1139 1728 consilium
1164 1683 1349 1741 arripui,
1384 1682 1554 1727 deinde

164 1796 168 1800 .
201 1763 511 1820 tumultuarie,
547 1763 592 1807 vi
626 1769 765 1822 atque
798 1762 1014 1808 violentia
1049 1762 1232 1822 quidvis
1267 1778 1367 1808 sum
1403 1778 1549 1820 ausus,

200 1848 254 1886 ut
301 1842 455 1901 aliquo
498 1842 638 1885 modo
682 1842 778 1902 legi
811 1849 967 1901 posset
999 1842 1228 1895 Rutilius3
1274 1842 1358 1887 sed
1405 1857 1551 1902 quae-

202 1936 381 1981 cunque
415 1921 460 1965 in
500 1936 554 1966 eo
589 1921 787 1979 mutavi,
836 1937 889 1966 ea
921 1927 1028 1981 post
1067 1922 1207 1983 longa
1240 1921 1394 1966 studia
1428 1923 1552 1966 mul-

202 2008 388 2061 tamque
414 2000 752 2061 probabilitatis
780 2000 1116 2060 inquisitionem
1142 2002 1208 2046 ita
1239 2007 1292 2046 ut
1327 2001 1416 2047 feci
1447 2016 1552 2047 mu-

200 2082 342 2126 tanda
378 2096 475 2127 esse
509 2081 624 2125 mihi
659 2081 875 2140 persuasi.
945 2082 1037 2126 Per
1072 2097 1173 2126 eam
1206 2082 1372 2144 igitur,
1414 2097 1553 2142 quam

200 2175 320 2207 nunc
365 2160 616 2220 praecipue
656 2161 903 2220 sequebar,
950 2161 1285 2208 adolescentiae
1331 2162 1553 2206 rationem

199 2240 250 2284 id
284 2245 462 2283 tantum
498 2239 713 2284 effectum
749 2246 839 2295 est,
887 2246 939 2285 ut
974 2222 1048 2298 ea,
1092 2256 1211 2301 quae
1243 2241 1411 2287 criticis
1445 2241 1552 2287 viris

199 2318 293 2364 hoc
327 2333 445 2377 opus
478 2319 798 2377 propositurus
826 2321 1049 2379 pleraque
1077 2321 1122 2364 in
1151 2321 1446 2365 adnotatione
1474 2336 1550 2365 re-

199 2398 392 2443 licturus
427 2402 474 2440 et
507 2397 718 2456 pluribus
752 2397 904 2443 verbis
937 2398 1206 2446 defensurus
1241 2400 1447 2457 fuissem,
1497 2415 1548 2443 ea

199 2491 319 2523 nunc
341 2477 387 2521 in
415 2476 562 2537 ipsam
584 2476 748 2522 Rutilii
772 2477 1022 2522 orationem
1050 2479 1287 2524 inferenda
1308 2486 1548 2539 putarem3

200 2556 539 2602 adnotationem
583 2562 756 2614 autem,
799 2572 857 2601 ne
896 2558 1042 2603 moles
1082 2558 1232 2602 libelli
1268 2564 1314 2602 et
1347 2559 1549 2617 pretium

201 2640 472 2693 crescerent,
523 2634 712 2680 brevem
746 2634 1054 2697 adiungerem.
1123 2637 1240 2683 Nam
1274 2638 1413 2697 plane
1449 2653 1550 2684 eam

200 2715 425 2774 omittere,
461 2720 508 2759 et
535 2715 738 2760 virorum
767 2715 1010 2761 doctorum
1038 2714 1224 2777 iudicio,
1260 2717 1384 2763 unde
1410 2717 1548 2778 quid-

199 2809 291 2854 que
324 2795 515 2843 venisset
551 2801 598 2841 et
631 2810 724 2856 quo
754 2794 960 2857 quidque
983 2797 1246 2858 pertineret,
1276 2799 1547 2858 relinquere,
