<?xml version="1.0" encoding="UTF-8"?>
<!DOCTYPE html PUBLIC "-//W3C//DTD XHTML 1.0 Transitional//EN"
    "http://www.w3.org/TR/xhtml1/DTD/xhtml1-transitional.dtd">
<html xmlns="http://www.w3.org/1999/xhtml" xml:lang="en" lang="en">
 <head>
  <title>
</title>
<meta http-equiv="Content-Type" content="text/html;charset=utf-8" />
  <meta name='ocr-system' content='tesseract 3.04.00' />
  <meta name='ocr-capabilities' content='ocr_page ocr_carea ocr_par ocr_line ocrx_word'/>
</head>
<body>
  <div class='ocr_page' id='page_1' title='image "4622881_0055.png"; bbox 0 0 1793 3207; ppageno 0'>
   <div class='ocr_carea' id='block_1_1' title="bbox 261 220 1456 273">
    <p class='ocr_par' dir='ltr' id='par_1_1' title="bbox 261 220 1456 273">
     <span class='ocr_line' id='line_1_1' title="bbox 261 220 1456 273; baseline -0.002 -7"><span class='ocrx_word' id='word_1_1' title='bbox 261 220 329 266; x_wconf 75' lang='lat'><strong>88</strong></span> <span class='ocrx_word' id='word_1_2' title='bbox 423 225 910 268; x_wconf 68' lang='lat' dir='ltr'><strong>ANmmvnnsmNES</strong></span> <span class='ocrx_word' id='word_1_3' title='bbox 935 225 1188 268; x_wconf 65' lang='lat' dir='ltr'><strong>caum.</strong></span> <span class='ocrx_word' id='word_1_4' title='bbox 1221 231 1318 273; x_wconf 63' lang='lat'><strong>12..-1‚</strong></span> <span class='ocrx_word' id='word_1_5' title='bbox 1341 229 1456 265; x_wconf 76' lang='lat'><strong>5-6.</strong></span> 
     </span>
    </p>
   </div>
   <div class='ocr_carea' id='block_1_2' title="bbox 256 341 1620 2851">
    <p class='ocr_par' dir='ltr' id='par_1_2' title="bbox 257 341 1617 672">
     <span class='ocr_line' id='line_1_2' title="bbox 262 341 1613 399; baseline 0 -13"><span class='ocrx_word' id='word_1_6' title='bbox 262 345 536 398; x_wconf 74' lang='lat' dir='ltr'><strong>suspicemur,</strong></span> <span class='ocrx_word' id='word_1_7' title='bbox 572 352 656 383; x_wconf 83' lang='lat' dir='ltr'><strong>non</strong></span> <span class='ocrx_word' id='word_1_8' title='bbox 682 341 806 383; x_wconf 76' lang='lat' dir='ltr'><strong>video</strong></span> <span class='ocrx_word' id='word_1_9' title='bbox 814 354 828 392; x_wconf 80' lang='lat'><em>3</em></span> <span class='ocrx_word' id='word_1_10' title='bbox 850 353 980 383; x_wconf 70' lang='lat' dir='ltr'><strong>cauea</strong></span> <span class='ocrx_word' id='word_1_11' title='bbox 1008 343 1246 398; x_wconf 59' lang='lat' dir='ltr'><strong>enim‚3fcur</strong></span> <span class='ocrx_word' id='word_1_12' title='bbox 1273 347 1399 392; x_wconf 72' lang='lat' dir='ltr'><strong>latino</strong></span> <span class='ocrx_word' id='word_1_13' title='bbox 1428 341 1613 399; x_wconf 75' lang='lat' dir='ltr'><strong>exemplo</strong></span> 
     </span>
     <span class='ocr_line' id='line_1_3' title="bbox 260 408 1611 466; baseline 0.001 -14"><span class='ocrx_word' id='word_1_14' title='bbox 260 414 321 453; x_wconf 78' lang='lat' dir='ltr'><strong>nti</strong></span> <span class='ocrx_word' id='word_1_15' title='bbox 353 408 524 462; x_wconf 67' lang='lat' dir='ltr'><strong>mninit,</strong></span> <span class='ocrx_word' id='word_1_16' title='bbox 555 409 626 451; x_wconf 86' lang='lat' dir='ltr'><strong>hic</strong></span> <span class='ocrx_word' id='word_1_17' title='bbox 654 409 799 452; x_wconf 78' lang='lat' dir='ltr'><strong>eadem</strong></span> <span class='ocrx_word' id='word_1_18' title='bbox 827 414 912 466; x_wconf 76' lang='lat' dir='ltr'><strong>est,</strong></span> <span class='ocrx_word' id='word_1_19' title='bbox 957 423 1065 464; x_wconf 67' lang='lat' dir='ltr'><strong>quae</strong></span> <span class='ocrx_word' id='word_1_20' title='bbox 1103 416 1196 453; x_wconf 75' lang='lat' dir='ltr'><strong>erat</strong></span> <span class='ocrx_word' id='word_1_21' title='bbox 1229 414 1285 462; x_wconf 80' lang='lat' dir='ltr'><strong>in,</strong></span> <span class='ocrx_word' id='word_1_22' title='bbox 1310 415 1611 457; x_wconf 70' lang='lat' dir='ltr'><strong>paronomasia.</strong></span> 
     </span>
     <span class='ocr_line' id='line_1_4' title="bbox 259 477 1617 538; baseline 0.003 -19"><span class='ocrx_word' id='word_1_23' title='bbox 259 480 331 520; x_wconf 87' lang='lat' dir='ltr'><strong>Sin</strong></span> <span class='ocrx_word' id='word_1_24' title='bbox 375 477 511 531; x_wconf 77' lang='lat' dir='ltr'><strong>aliqua</strong></span> <span class='ocrx_word' id='word_1_25' title='bbox 546 477 654 520; x_wconf 75' lang='lat' dir='ltr'><strong>fides</strong></span> <span class='ocrx_word' id='word_1_26' title='bbox 709 478 930 521; x_wconf 77' lang='lat' dir='ltr'><strong>tribuenda</strong></span> <span class='ocrx_word' id='word_1_27' title='bbox 965 482 1029 520; x_wconf 72' lang='lat' dir='ltr'><strong>est</strong></span> <span class='ocrx_word' id='word_1_28' title='bbox 1071 478 1320 534; x_wconf 76' lang='lat' dir='ltr'><strong>Schoepfeti</strong></span> <span class='ocrx_word' id='word_1_29' title='bbox 1377 484 1617 538; x_wconf 75' lang='lat' dir='ltr'><strong>fragmento,</strong></span> 
     </span>
     <span class='ocr_line' id='line_1_5' title="bbox 257 546 1616 602; baseline 0.004 -15"><span class='ocrx_word' id='word_1_30' title='bbox 257 548 384 587; x_wconf 83' lang='lat' dir='ltr'><strong>finem</strong></span> <span class='ocrx_word' id='word_1_31' title='bbox 412 550 526 588; x_wconf 78' lang='lat' dir='ltr'><strong>certe</strong></span> <span class='ocrx_word' id='word_1_32' title='bbox 554 559 580 587; x_wconf 75' lang='lat' dir='ltr'><strong>a</strong></span> <span class='ocrx_word' id='word_1_33' title='bbox 607 546 761 597; x_wconf 79' lang='lat' dir='ltr'><strong>verbis,</strong></span> <span class='ocrx_word' id='word_1_34' title='bbox 788 561 867 588; x_wconf 83' lang='lat' dir='ltr'><strong>nec</strong></span> <span class='ocrx_word' id='word_1_35' title='bbox 894 561 940 588; x_wconf 80' lang='lat' dir='ltr'><strong>se</strong></span> <span class='ocrx_word' id='word_1_36' title='bbox 960 550 1099 602; x_wconf 75' lang='lat' dir='ltr'><strong>patris</strong></span> <span class='ocrx_word' id='word_1_37' title='bbox 1124 553 1319 600; x_wconf 82' lang='lat' dir='ltr'><strong>mortem,</strong></span> <span class='ocrx_word' id='word_1_38' title='bbox 1347 551 1419 591; x_wconf 80' lang='lat' dir='ltr'><strong>ubi</strong></span> <span class='ocrx_word' id='word_1_39' title='bbox 1435 552 1517 593; x_wconf 86' lang='lat' dir='ltr'><strong>hoc</strong></span> <span class='ocrx_word' id='word_1_40' title='bbox 1544 552 1616 593; x_wconf 85' lang='lat' dir='ltr'><strong>de-</strong></span> 
     </span>
     <span class='ocr_line' id='line_1_6' title="bbox 258 614 1251 672; baseline 0.001 -14"><span class='ocrx_word' id='word_1_41' title='bbox 258 617 370 669; x_wconf 84' lang='lat' dir='ltr'><strong>sinit,</strong></span> <span class='ocrx_word' id='word_1_42' title='bbox 398 629 424 657; x_wconf 74' lang='lat' dir='ltr'><strong>a</strong></span> <span class='ocrx_word' id='word_1_43' title='bbox 449 615 616 657; x_wconf 77' lang='lat' dir='ltr'><strong>librario</strong></span> <span class='ocrx_word' id='word_1_44' title='bbox 644 614 783 669; x_wconf 75' lang='lat' dir='ltr'><strong>aliquo</strong></span> <span class='ocrx_word' id='word_1_45' title='bbox 811 615 994 672; x_wconf 76' lang='lat' dir='ltr'><strong>additum</strong></span> <span class='ocrx_word' id='word_1_46' title='bbox 1022 617 1251 659; x_wconf 77' lang='lat' dir='ltr'><strong>arbitreris·</strong></span> 
     </span>
    </p>

    <p class='ocr_par' dir='ltr' id='par_1_3' title="bbox 257 684 1617 1139">
     <span class='ocr_line' id='line_1_7' title="bbox 360 684 1617 740; baseline 0.001 -15"><span class='ocrx_word' id='word_1_47' title='bbox 360 686 501 740; x_wconf 82' lang='lat' dir='ltr'><strong>filium</strong></span> <span class='ocrx_word' id='word_1_48' title='bbox 528 686 670 735; x_wconf 77' lang='lat' dir='ltr'><strong>suum)</strong></span> <span class='ocrx_word' id='word_1_49' title='bbox 700 698 821 725; x_wconf 82' lang='lat' dir='ltr'><strong>suum</strong></span> <span class='ocrx_word' id='word_1_50' title='bbox 857 697 936 724; x_wconf 91' lang='lat' dir='ltr'><strong>om.</strong></span> <span class='ocrx_word' id='word_1_51' title='bbox 967 684 1000 724; x_wconf 85' lang='lat' dir='ltr'><strong>f.</strong></span> <span class='ocrx_word' id='word_1_52' title='bbox 1029 708 1086 716; x_wconf 91' lang='lat'><strong>—-</strong></span> <span class='ocrx_word' id='word_1_53' title='bbox 1124 699 1179 726; x_wconf 73' lang='lat' dir='ltr'><strong>ea·</strong></span> <span class='ocrx_word' id='word_1_54' title='bbox 1208 685 1323 726; x_wconf 67' lang='lat' dir='ltr'><strong>bonate</strong></span> <span class='ocrx_word' id='word_1_55' title='bbox 1351 687 1479 739; x_wconf 69' lang='lat' dir='ltr'><strong>:psius</strong></span> <span class='ocrx_word' id='word_1_56' title='bbox 1506 699 1617 727; x_wconf 78' lang='lat' dir='ltr'><strong>sum-</strong></span> 
     </span>
     <span class='ocr_line' id='line_1_8' title="bbox 257 752 1616 810; baseline 0.001 -14"><span class='ocrx_word' id='word_1_57' title='bbox 257 760 376 810; x_wconf 80' lang='lat' dir='ltr'><strong>ptum</strong></span> <span class='ocrx_word' id='word_1_58' title='bbox 395 754 586 807; x_wconf 81' lang='lat' dir='ltr'><strong>faceret)</strong></span> <span class='ocrx_word' id='word_1_59' title='bbox 616 767 671 793; x_wconf 72' lang='lat' dir='ltr'><strong>ea·</strong></span> <span class='ocrx_word' id='word_1_60' title='bbox 700 752 737 793; x_wconf 80' lang='lat' dir='ltr'><strong>h.</strong></span> <span class='ocrx_word' id='word_1_61' title='bbox 767 754 850 807; x_wconf 75' lang='lat' dir='ltr'><strong>ipse·</strong></span> <span class='ocrx_word' id='word_1_62' title='bbox 873 766 1038 795; x_wconf 81' lang='lat' dir='ltr'><strong>sumere</strong></span> <span class='ocrx_word' id='word_1_63' title='bbox 1065 759 1152 796; x_wconf 86' lang='lat' dir='ltr'><strong>tam</strong></span> <span class='ocrx_word' id='word_1_64' title='bbox 1171 755 1328 808; x_wconf 84' lang='lat' dir='ltr'><strong>facere</strong></span> <span class='ocrx_word' id='word_1_65' title='bbox 1357 754 1404 796; x_wconf 87' lang='lat' dir='ltr'><strong>L.</strong></span> <span class='ocrx_word' id='word_1_66' title='bbox 1432 755 1459 795; x_wconf 88' lang='grc' dir='ltr'><strong>Ι.</strong></span> <span class='ocrx_word' id='word_1_67' title='bbox 1490 754 1538 796; x_wconf 75' lang='lat' dir='ltr'><strong>F.</strong></span> <span class='ocrx_word' id='word_1_68' title='bbox 1565 753 1616 797; x_wconf 90' lang='lat' dir='ltr'><strong>V.</strong></span> 
     </span>
     <span class='ocr_line' id='line_1_9' title="bbox 259 818 1616 881; baseline 0.001 -17"><span class='ocrx_word' id='word_1_69' title='bbox 259 826 344 877; x_wconf 76' lang='lat' dir='ltr'><strong>ipsi</strong></span> <span class='ocrx_word' id='word_1_70' title='bbox 367 826 547 863; x_wconf 81' lang='lat' dir='ltr'><strong><em>sumeret</em></strong></span> <span class='ocrx_word' id='word_1_71' title='bbox 576 826 662 861; x_wconf 85' lang='lat' dir='ltr'><strong>tum</strong></span> <span class='ocrx_word' id='word_1_72' title='bbox 681 822 854 874; x_wconf 83' lang='lat' dir='ltr'><strong>faceret</strong></span> <span class='ocrx_word' id='word_1_73' title='bbox 886 822 934 862; x_wconf 78' lang='lat' dir='ltr'><strong>R.</strong></span> <span class='ocrx_word' id='word_1_74' title='bbox 966 822 1016 863; x_wconf 84' lang='lat' dir='ltr'><strong>A.</strong></span> <span class='ocrx_word' id='word_1_75' title='bbox 1053 819 1159 881; x_wconf 82' lang='lat' dir='ltr'><strong>(sed</strong></span> <span class='ocrx_word' id='word_1_76' title='bbox 1189 837 1241 864; x_wconf 86' lang='lat' dir='ltr'><strong>ac</strong></span> <span class='ocrx_word' id='word_1_77' title='bbox 1261 818 1385 881; x_wconf 84' lang='lat' dir='ltr'><strong>sac.)</strong></span> <span class='ocrx_word' id='word_1_78' title='bbox 1424 824 1616 866; x_wconf 77' lang='lat' dir='ltr'><strong>emenda-</strong></span> 
     </span>
     <span class='ocr_line' id='line_1_10' title="bbox 261 890 1617 945; baseline -0.001 -11"><span class='ocrx_word' id='word_1_79' title='bbox 261 895 321 934; x_wconf 86' lang='lat' dir='ltr'><strong>vit</strong></span> <span class='ocrx_word' id='word_1_80' title='bbox 348 892 391 933; x_wconf 89' lang='lat' dir='ltr'><strong>S.</strong></span> <span class='ocrx_word' id='word_1_81' title='bbox 420 913 479 922; x_wconf 89' lang='lat'>-</span> <span class='ocrx_word' id='word_1_82' title='bbox 518 904 596 931; x_wconf 81' lang='lat' dir='ltr'><strong>nec</strong></span> <span class='ocrx_word' id='word_1_83' title='bbox 633 895 721 931; x_wconf 76' lang='lat' dir='ltr'><strong>tum</strong></span> <span class='ocrx_word' id='word_1_84' title='bbox 756 890 954 945; x_wconf 77' lang='lat' dir='ltr'><strong>denique)</strong></span> <span class='ocrx_word' id='word_1_85' title='bbox 993 896 1034 932; x_wconf 77' lang='lat' dir='ltr'><strong>et</strong></span> <span class='ocrx_word' id='word_1_86' title='bbox 1073 891 1123 932; x_wconf 92' lang='lat'><strong>0.</strong></span> <span class='ocrx_word' id='word_1_87' title='bbox 1160 906 1239 934; x_wconf 86' lang='lat' dir='ltr'><strong>nec</strong></span> <span class='ocrx_word' id='word_1_88' title='bbox 1275 894 1455 934; x_wconf 83' lang='lat' dir='ltr'><strong>correxit</strong></span> <span class='ocrx_word' id='word_1_89' title='bbox 1491 892 1532 933; x_wconf 88' lang='lat' dir='ltr'><strong>S.</strong></span> <span class='ocrx_word' id='word_1_90' title='bbox 1561 916 1617 922; x_wconf 92' lang='lat'><strong>-—</strong></span> 
     </span>
     <span class='ocr_line' id='line_1_11' title="bbox 258 959 1615 1016; baseline -0.001 -15"><span class='ocrx_word' id='word_1_91' title='bbox 258 959 485 1014; x_wconf 69' lang='lat' dir='ltr'><strong>promisce)</strong></span> <span class='ocrx_word' id='word_1_92' title='bbox 520 972 727 1013; x_wconf 63' lang='lat' dir='ltr'><strong>promes-«se</strong></span> <span class='ocrx_word' id='word_1_93' title='bbox 758 960 809 1000; x_wconf 91' lang='grc' dir='ltr'><strong>Ο.</strong></span> <span class='ocrx_word' id='word_1_94' title='bbox 850 962 1090 1014; x_wconf 78' lang='lat' dir='ltr'><strong>promiscue</strong></span> <span class='ocrx_word' id='word_1_95' title='bbox 1125 960 1168 1001; x_wconf 89' lang='lat' dir='ltr'><strong>S.</strong></span> <span class='ocrx_word' id='word_1_96' title='bbox 1209 963 1418 1016; x_wconf 76' lang='lat' dir='ltr'><strong>promisce</strong></span> <span class='ocrx_word' id='word_1_97' title='bbox 1455 962 1615 1002; x_wconf 86' lang='lat' dir='ltr'><strong>emend.</strong></span> 
     </span>
     <span class='ocr_line' id='line_1_12' title="bbox 260 1028 1617 1084; baseline 0 -14"><span class='ocrx_word' id='word_1_98' title='bbox 260 1029 340 1070; x_wconf 84' lang='lat' dir='ltr'><strong>Rk.</strong></span> <span class='ocrx_word' id='word_1_99' title='bbox 364 1029 576 1083; x_wconf 75' lang='lat' dir='ltr'><strong>promissa</strong></span> <span class='ocrx_word' id='word_1_100' title='bbox 590 1028 623 1070; x_wconf 89' lang='lat' dir='ltr'><strong>f.</strong></span> <span class='ocrx_word' id='word_1_101' title='bbox 637 1052 694 1059; x_wconf 91' lang='lat'>—</span> <span class='ocrx_word' id='word_1_102' title='bbox 711 1030 833 1083; x_wconf 75' lang='lat' dir='ltr'><strong>filius</strong></span> <span class='ocrx_word' id='word_1_103' title='bbox 860 1029 1093 1083; x_wconf 78' lang='lat' dir='ltr'><strong>respondit)</strong></span> <span class='ocrx_word' id='word_1_104' title='bbox 1121 1030 1401 1084; x_wconf 76' lang='lat' dir='ltr'><em>respondisset</em></span> <span class='ocrx_word' id='word_1_105' title='bbox 1411 1030 1475 1080; x_wconf 90' lang='lat'><strong>0.‚</strong></span> <span class='ocrx_word' id='word_1_106' title='bbox 1494 1031 1617 1071; x_wconf 85' lang='lat' dir='ltr'><strong>etiam</strong></span> 
     </span>
     <span class='ocr_line' id='line_1_13' title="bbox 260 1098 578 1139; baseline -0.006 0"><span class='ocrx_word' id='word_1_107' title='bbox 260 1100 291 1139; x_wconf 85' lang='lat' dir='ltr'><strong>f.</strong></span> <span class='ocrx_word' id='word_1_108' title='bbox 324 1098 508 1139; x_wconf 83' lang='lat' dir='ltr'><strong>correxit</strong></span> <span class='ocrx_word' id='word_1_109' title='bbox 535 1098 578 1138; x_wconf 91' lang='lat' dir='ltr'><strong>S.</strong></span> 
     </span>
    </p>

    <p class='ocr_par' dir='ltr' id='par_1_4' title="bbox 257 1165 1620 1831">
     <span class='ocr_line' id='line_1_14' title="bbox 375 1165 1617 1220; baseline -0.002 -13"><span class='ocrx_word' id='word_1_110' title='bbox 375 1165 563 1216; x_wconf 74' lang='lat' dir='ltr'><strong>subiecit)</strong></span> <span class='ocrx_word' id='word_1_111' title='bbox 592 1166 751 1220; x_wconf 80' lang='lat' dir='ltr'><strong>sufficit</strong></span> <span class='ocrx_word' id='word_1_112' title='bbox 771 1165 820 1206; x_wconf 88' lang='grc' dir='ltr'><strong>Ο.</strong></span> <span class='ocrx_word' id='word_1_113' title='bbox 838 1166 1021 1207; x_wconf 81' lang='lat' dir='ltr'><strong>correxit</strong></span> <span class='ocrx_word' id='word_1_114' title='bbox 1035 1165 1076 1206; x_wconf 90' lang='lat' dir='ltr'><strong>S.</strong></span> <span class='ocrx_word' id='word_1_115' title='bbox 1105 1166 1224 1206; x_wconf 82' lang='lat' dir='ltr'><strong>velim</strong></span> <span class='ocrx_word' id='word_1_116' title='bbox 1238 1166 1393 1218; x_wconf 81' lang='lat' dir='ltr'><strong>meam)</strong></span> <span class='ocrx_word' id='word_1_117' title='bbox 1420 1177 1617 1207; x_wconf 82' lang='lat' dir='ltr'><strong>nemeam</strong></span> 
     </span>
     <span class='ocr_line' id='line_1_15' title="bbox 265 1232 1616 1287; baseline 0.001 -14"><span class='ocrx_word' id='word_1_118' title='bbox 265 1236 315 1276; x_wconf 90' lang='grc'><strong>0.</strong></span> <span class='ocrx_word' id='word_1_119' title='bbox 345 1236 465 1283; x_wconf 77' lang='lat' dir='ltr'><strong>velim</strong></span> <span class='ocrx_word' id='word_1_120' title='bbox 492 1232 654 1273; x_wconf 87' lang='lat' dir='ltr'><strong>emend.</strong></span> <span class='ocrx_word' id='word_1_121' title='bbox 684 1233 762 1273; x_wconf 80' lang='lat' dir='ltr'><strong>Rk.</strong></span> <span class='ocrx_word' id='word_1_122' title='bbox 822 1233 1058 1286; x_wconf 81' lang='lat' dir='ltr'><strong>Stephanus</strong></span> <span class='ocrx_word' id='word_1_123' title='bbox 1095 1234 1154 1274; x_wconf 80' lang='lat' dir='ltr'><strong>ita</strong></span> <span class='ocrx_word' id='word_1_124' title='bbox 1192 1238 1453 1287; x_wconf 77' lang='lat' dir='ltr'><strong>correxerat:</strong></span> <span class='ocrx_word' id='word_1_125' title='bbox 1481 1235 1616 1281; x_wconf 74' lang='lat' dir='ltr'><strong>immo,</strong></span> 
     </span>
     <span class='ocr_line' id='line_1_16' title="bbox 263 1302 1617 1355; baseline -0.001 -13"><span class='ocrx_word' id='word_1_126' title='bbox 263 1315 352 1350; x_wconf 84' lang='lat' dir='ltr'><strong>oro,</strong></span> <span class='ocrx_word' id='word_1_127' title='bbox 382 1303 526 1354; x_wconf 72' lang='lat' dir='ltr'><strong>inquit,</strong></span> <span class='ocrx_word' id='word_1_128' title='bbox 555 1306 602 1341; x_wconf 81' lang='lat' dir='ltr'><strong>ut</strong></span> <span class='ocrx_word' id='word_1_129' title='bbox 629 1315 764 1341; x_wconf 87' lang='lat' dir='ltr'><strong>meam</strong></span> <span class='ocrx_word' id='word_1_130' title='bbox 793 1306 969 1341; x_wconf 85' lang='lat' dir='ltr'><strong>mortem</strong></span> <span class='ocrx_word' id='word_1_131' title='bbox 1008 1307 1231 1355; x_wconf 66' lang='lat' dir='ltr'><strong>exspectes.</strong></span> <span class='ocrx_word' id='word_1_132' title='bbox 1291 1302 1413 1354; x_wconf 77' lang='lat' dir='ltr'><strong>Quod</strong></span> <span class='ocrx_word' id='word_1_133' title='bbox 1449 1306 1494 1342; x_wconf 79' lang='lat' dir='ltr'><strong>et</strong></span> <span class='ocrx_word' id='word_1_134' title='bbox 1532 1302 1617 1342; x_wconf 88' lang='lat' dir='ltr'><strong>ele-</strong></span> 
     </span>
     <span class='ocr_line' id='line_1_17' title="bbox 259 1369 1617 1424; baseline 0 -14"><span class='ocrx_word' id='word_1_135' title='bbox 259 1383 361 1424; x_wconf 77' lang='lat' dir='ltr'><strong>gans</strong></span> <span class='ocrx_word' id='word_1_136' title='bbox 389 1372 453 1410; x_wconf 82' lang='lat' dir='ltr'><strong>est</strong></span> <span class='ocrx_word' id='word_1_137' title='bbox 482 1373 528 1408; x_wconf 85' lang='lat' dir='ltr'><strong>et</strong></span> <span class='ocrx_word' id='word_1_138' title='bbox 555 1369 728 1421; x_wconf 87' lang='lat' dir='ltr'><strong>propius</strong></span> <span class='ocrx_word' id='word_1_139' title='bbox 758 1369 880 1410; x_wconf 83' lang='lat' dir='ltr'><strong>etiam</strong></span> <span class='ocrx_word' id='word_1_140' title='bbox 917 1369 967 1408; x_wconf 83' lang='lat' dir='ltr'><strong>ad</strong></span> <span class='ocrx_word' id='word_1_141' title='bbox 1004 1369 1123 1409; x_wconf 84' lang='lat' dir='ltr'><strong>codd.</strong></span> <span class='ocrx_word' id='word_1_142' title='bbox 1160 1370 1402 1422; x_wconf 78' lang='lat' dir='ltr'><strong>scripturam</strong></span> <span class='ocrx_word' id='word_1_143' title='bbox 1438 1369 1617 1419; x_wconf 75' lang='lat' dir='ltr'><strong>accedit3</strong></span> 
     </span>
     <span class='ocr_line' id='line_1_18' title="bbox 261 1435 1616 1493; baseline -0.001 -14"><span class='ocrx_word' id='word_1_144' title='bbox 261 1439 335 1479; x_wconf 81' lang='lat' dir='ltr'><strong>sed</strong></span> <span class='ocrx_word' id='word_1_145' title='bbox 364 1437 535 1478; x_wconf 83' lang='lat' dir='ltr'><strong>verbum</strong></span> <span class='ocrx_word' id='word_1_146' title='bbox 564 1435 862 1486; x_wconf 79' lang='lat' dir='ltr'><strong>vehementius,</strong></span> <span class='ocrx_word' id='word_1_147' title='bbox 892 1449 982 1485; x_wconf 87' lang='lat' dir='ltr'><strong>oro,</strong></span> <span class='ocrx_word' id='word_1_148' title='bbox 1012 1450 1036 1477; x_wconf 75' lang='lat' dir='ltr'><strong>a</strong></span> <span class='ocrx_word' id='word_1_149' title='bbox 1064 1437 1179 1477; x_wconf 87' lang='lat' dir='ltr'><strong>tenui</strong></span> <span class='ocrx_word' id='word_1_150' title='bbox 1207 1437 1287 1478; x_wconf 91' lang='lat' dir='ltr'><strong>hoc</strong></span> <span class='ocrx_word' id='word_1_151' title='bbox 1315 1438 1420 1487; x_wconf 91' lang='lat' dir='ltr'><strong>ioco,</strong></span> <span class='ocrx_word' id='word_1_152' title='bbox 1451 1443 1539 1478; x_wconf 82' lang='lat' dir='ltr'><strong>tum</strong></span> <span class='ocrx_word' id='word_1_153' title='bbox 1566 1437 1616 1493; x_wconf 71' lang='lat' dir='ltr'><strong>nb</strong></span> 
     </span>
     <span class='ocr_line' id='line_1_19' title="bbox 262 1504 1617 1560; baseline -0.001 -13"><span class='ocrx_word' id='word_1_154' title='bbox 262 1520 336 1547; x_wconf 85' lang='lat' dir='ltr'><strong>ore</strong></span> <span class='ocrx_word' id='word_1_155' title='bbox 364 1506 491 1559; x_wconf 79' lang='lat' dir='ltr'><strong>patris</strong></span> <span class='ocrx_word' id='word_1_156' title='bbox 519 1504 650 1544; x_wconf 85' lang='lat' dir='ltr'><strong>filium</strong></span> <span class='ocrx_word' id='word_1_157' title='bbox 678 1505 939 1560; x_wconf 79' lang='lat' dir='ltr'><strong>ndioquentis</strong></span> <span class='ocrx_word' id='word_1_158' title='bbox 970 1505 1090 1545; x_wconf 82' lang='lat' dir='ltr'><strong>nimis</strong></span> <span class='ocrx_word' id='word_1_159' title='bbox 1118 1505 1220 1545; x_wconf 88' lang='lat' dir='ltr'><strong>mihi</strong></span> <span class='ocrx_word' id='word_1_160' title='bbox 1239 1506 1465 1546; x_wconf 74' lang='lat' dir='ltr'><strong>abhorrere</strong></span> <span class='ocrx_word' id='word_1_161' title='bbox 1486 1506 1617 1546; x_wconf 85' lang='lat' dir='ltr'><strong>visum</strong></span> 
     </span>
     <span class='ocr_line' id='line_1_20' title="bbox 260 1572 1616 1626; baseline -0.001 -12"><span class='ocrx_word' id='word_1_162' title='bbox 260 1579 338 1615; x_wconf 81' lang='lat' dir='ltr'><strong>est.</strong></span> <span class='ocrx_word' id='word_1_163' title='bbox 396 1573 624 1613; x_wconf 75' lang='lat' dir='ltr'><strong>Praeterea</strong></span> <span class='ocrx_word' id='word_1_164' title='bbox 651 1573 695 1613; x_wconf 91' lang='lat' dir='ltr'><strong>in</strong></span> <span class='ocrx_word' id='word_1_165' title='bbox 724 1572 818 1612; x_wconf 91' lang='lat' dir='ltr'><strong>loco</strong></span> <span class='ocrx_word' id='word_1_166' title='bbox 848 1573 960 1613; x_wconf 80' lang='lat' dir='ltr'><strong>varie</strong></span> <span class='ocrx_word' id='word_1_167' title='bbox 989 1576 1181 1626; x_wconf 74' lang='lat' dir='ltr'><strong>suspecto</strong></span> <span class='ocrx_word' id='word_1_168' title='bbox 1210 1572 1447 1615; x_wconf 79' lang='lat' dir='ltr'><strong>Ruhnkenii</strong></span> <span class='ocrx_word' id='word_1_169' title='bbox 1474 1578 1616 1614; x_wconf 79' lang='lat' dir='ltr'><strong>aucto-</strong></span> 
     </span>
     <span class='ocr_line' id='line_1_21' title="bbox 258 1640 1616 1694; baseline -0.001 -11"><span class='ocrx_word' id='word_1_170' title='bbox 258 1643 372 1683; x_wconf 75' lang='lat' dir='ltr'><strong>ritati</strong></span> <span class='ocrx_word' id='word_1_171' title='bbox 401 1641 630 1682; x_wconf 84' lang='lat' dir='ltr'><strong>concedere</strong></span> <span class='ocrx_word' id='word_1_172' title='bbox 658 1640 879 1688; x_wconf 77' lang='lat' dir='ltr'><strong>maiebam3</strong></span> <span class='ocrx_word' id='word_1_173' title='bbox 908 1641 1089 1694; x_wconf 77' lang='lat' dir='ltr'><strong>alioquin</strong></span> <span class='ocrx_word' id='word_1_174' title='bbox 1117 1641 1166 1681; x_wconf 75' lang='lat' dir='ltr'><strong>ab</strong></span> <span class='ocrx_word' id='word_1_175' title='bbox 1196 1644 1371 1694; x_wconf 85' lang='lat' dir='ltr'><strong>utroque</strong></span> <span class='ocrx_word' id='word_1_176' title='bbox 1387 1642 1476 1681; x_wconf 83' lang='lat' dir='ltr'><strong>viro</strong></span> <span class='ocrx_word' id='word_1_177' title='bbox 1495 1654 1616 1694; x_wconf 81' lang='lat' dir='ltr'><strong>prae·</strong></span> 
     </span>
     <span class='ocr_line' id='line_1_22' title="bbox 260 1709 1620 1762; baseline -0.002 -10"><span class='ocrx_word' id='word_1_178' title='bbox 260 1710 512 1755; x_wconf 76' lang='lat' dir='ltr'><strong>stantissimo</strong></span> <span class='ocrx_word' id='word_1_179' title='bbox 542 1712 700 1762; x_wconf 82' lang='lat' dir='ltr'><strong>partem</strong></span> <span class='ocrx_word' id='word_1_180' title='bbox 729 1711 935 1749; x_wconf 86' lang='lat' dir='ltr'><strong>mutuatus</strong></span> <span class='ocrx_word' id='word_1_181' title='bbox 964 1709 1244 1762; x_wconf 81' lang='lat' dir='ltr'><strong>scripsissem:</strong></span> <span class='ocrx_word' id='word_1_182' title='bbox 1273 1709 1395 1750; x_wconf 77' lang='lat' dir='ltr'><strong>immo</strong></span> <span class='ocrx_word' id='word_1_183' title='bbox 1425 1721 1537 1759; x_wconf 88' lang='lat' dir='ltr'><strong>vero,</strong></span> <span class='ocrx_word' id='word_1_184' title='bbox 1562 1713 1620 1749; x_wconf 78' lang='lat' dir='ltr'><strong>ut</strong></span> 
     </span>
     <span class='ocr_line' id='line_1_23' title="bbox 257 1783 853 1831; baseline -0.007 -10"><span class='ocrx_word' id='word_1_185' title='bbox 257 1794 394 1821; x_wconf 86' lang='lat' dir='ltr'><strong>meam</strong></span> <span class='ocrx_word' id='word_1_186' title='bbox 422 1783 599 1819; x_wconf 88' lang='lat' dir='ltr'><strong>mortem</strong></span> <span class='ocrx_word' id='word_1_187' title='bbox 628 1783 853 1831; x_wconf 72' lang='lat' dir='ltr'><strong>exspectes.</strong></span> 
     </span>
    </p>

    <p class='ocr_par' dir='ltr' id='par_1_5' title="bbox 260 1844 1616 2377">
     <span class='ocr_line' id='line_1_24' title="bbox 369 1844 1616 1901; baseline -0.002 -13"><span class='ocrx_word' id='word_1_188' title='bbox 369 1847 600 1901; x_wconf 70' lang='lat' dir='ltr'><strong>Palz&#39;llogia</strong></span> <span class='ocrx_word' id='word_1_189' title='bbox 628 1870 685 1877; x_wconf 91' lang='lat'><strong>——</strong></span> <span class='ocrx_word' id='word_1_190' title='bbox 714 1845 870 1896; x_wconf 72' lang='lat' dir='ltr'><strong>dastet.)</strong></span> <span class='ocrx_word' id='word_1_191' title='bbox 900 1845 1009 1885; x_wconf 79' lang='lat' dir='ltr'><strong>Hinc</strong></span> <span class='ocrx_word' id='word_1_192' title='bbox 1037 1845 1117 1886; x_wconf 78' lang='lat' dir='ltr'><strong>iam</strong></span> <span class='ocrx_word' id='word_1_193' title='bbox 1147 1844 1271 1886; x_wconf 75' lang='lat' dir='ltr'><strong>verba</strong></span> <span class='ocrx_word' id='word_1_194' title='bbox 1299 1858 1348 1885; x_wconf 79' lang='lat' dir='ltr'><strong>ea</strong></span> <span class='ocrx_word' id='word_1_195' title='bbox 1377 1850 1616 1898; x_wconf 79' lang='lat' dir='ltr'><strong>sequuntur,</strong></span> 
     </span>
     <span class='ocr_line' id='line_1_25' title="bbox 262 1914 1616 1969; baseline -0.002 -13"><span class='ocrx_word' id='word_1_196' title='bbox 262 1930 366 1968; x_wconf 84' lang='lat' dir='ltr'><strong>quae</strong></span> <span class='ocrx_word' id='word_1_197' title='bbox 385 1915 631 1969; x_wconf 83' lang='lat' dir='ltr'><strong>Schoepferi</strong></span> <span class='ocrx_word' id='word_1_198' title='bbox 660 1915 891 1969; x_wconf 80' lang='lat' dir='ltr'><strong>fragmento</strong></span> <span class='ocrx_word' id='word_1_199' title='bbox 922 1914 1131 1954; x_wconf 85' lang='lat' dir='ltr'><strong>debemus.</strong></span> <span class='ocrx_word' id='word_1_200' title='bbox 1175 1914 1410 1954; x_wconf 78' lang='lat' dir='ltr'><strong>Orationem</strong></span> <span class='ocrx_word' id='word_1_201' title='bbox 1429 1916 1477 1954; x_wconf 78' lang='lat' dir='ltr'><strong>ab</strong></span> <span class='ocrx_word' id='word_1_202' title='bbox 1500 1915 1616 1954; x_wconf 84' lang='lat' dir='ltr'><strong>initio</strong></span> 
     </span>
     <span class='ocr_line' id='line_1_26' title="bbox 261 1981 1614 2035; baseline -0.001 -12"><span class='ocrx_word' id='word_1_203' title='bbox 261 1988 489 2024; x_wconf 75' lang='lat' dir='ltr'><strong>truncatam</strong></span> <span class='ocrx_word' id='word_1_204' title='bbox 517 1987 673 2035; x_wconf 79' lang='lat' dir='ltr'><strong>partem</strong></span> <span class='ocrx_word' id='word_1_205' title='bbox 704 1996 797 2023; x_wconf 84' lang='lat' dir='ltr'><strong>esse</strong></span> <span class='ocrx_word' id='word_1_206' title='bbox 828 1982 1079 2035; x_wconf 78' lang='lat' dir='ltr'><strong>Palillogias‚</strong></span> <span class='ocrx_word' id='word_1_207' title='bbox 1108 1982 1188 2020; x_wconf 84' lang='lat' dir='ltr'><strong>iam</strong></span> <span class='ocrx_word' id='word_1_208' title='bbox 1217 1982 1321 2021; x_wconf 88' lang='lat' dir='ltr'><strong>vidit</strong></span> <span class='ocrx_word' id='word_1_209' title='bbox 1349 1981 1443 2021; x_wconf 88' lang='lat' dir='ltr'><strong>Sch.</strong></span> <span class='ocrx_word' id='word_1_210' title='bbox 1500 1981 1614 2022; x_wconf 83' lang='lat' dir='ltr'><strong>Idem</strong></span> 
     </span>
     <span class='ocr_line' id='line_1_27' title="bbox 262 2048 1614 2104; baseline -0.002 -12"><span class='ocrx_word' id='word_1_211' title='bbox 262 2051 448 2093; x_wconf 82' lang='lat' dir='ltr'><strong>correxit</strong></span> <span class='ocrx_word' id='word_1_212' title='bbox 488 2050 672 2104; x_wconf 76' lang='lat' dir='ltr'><strong>Gorgiae</strong></span> <span class='ocrx_word' id='word_1_213' title='bbox 702 2050 826 2099; x_wconf 76' lang='lat' dir='ltr'><strong>liber,</strong></span> <span class='ocrx_word' id='word_1_214' title='bbox 865 2063 956 2090; x_wconf 90' lang='lat' dir='ltr'><strong>cum</strong></span> <span class='ocrx_word' id='word_1_215' title='bbox 992 2050 1083 2090; x_wconf 91' lang='lat' dir='ltr'><strong>cod.</strong></span> <span class='ocrx_word' id='word_1_216' title='bbox 1121 2048 1293 2097; x_wconf 80' lang='lat' dir='ltr'><strong>habeat,</strong></span> <span class='ocrx_word' id='word_1_217' title='bbox 1339 2048 1509 2103; x_wconf 75' lang='lat' dir='ltr'><strong>Gorgae</strong></span> <span class='ocrx_word' id='word_1_218' title='bbox 1537 2062 1614 2090; x_wconf 88' lang='lat' dir='ltr'><strong>om.</strong></span> 
     </span>
     <span class='ocr_line' id='line_1_28' title="bbox 263 2117 1615 2171; baseline -0.002 -10"><span class='ocrx_word' id='word_1_219' title='bbox 263 2119 378 2161; x_wconf 78' lang='lat' dir='ltr'><strong>liber.</strong></span> <span class='ocrx_word' id='word_1_220' title='bbox 417 2118 712 2168; x_wconf 74' lang='lat' dir='ltr'><strong>Athenienses)</strong></span> <span class='ocrx_word' id='word_1_221' title='bbox 742 2118 865 2157; x_wconf 84' lang='lat' dir='ltr'><strong>verba</strong></span> <span class='ocrx_word' id='word_1_222' title='bbox 881 2117 1075 2171; x_wconf 75' lang='lat' dir='ltr'><strong>quaedam</strong></span> <span class='ocrx_word' id='word_1_223' title='bbox 1096 2117 1137 2156; x_wconf 90' lang='lat' dir='ltr'><strong>in</strong></span> <span class='ocrx_word' id='word_1_224' title='bbox 1165 2118 1396 2158; x_wconf 77' lang='lat' dir='ltr'><strong>membrana</strong></span> <span class='ocrx_word' id='word_1_225' title='bbox 1424 2118 1505 2170; x_wconf 82' lang='lat' dir='ltr'><strong>legi</strong></span> <span class='ocrx_word' id='word_1_226' title='bbox 1534 2130 1615 2159; x_wconf 90' lang='lat' dir='ltr'><strong>non</strong></span> 
     </span>
     <span class='ocr_line' id='line_1_29' title="bbox 261 2184 1613 2242; baseline -0.001 -14"><span class='ocrx_word' id='word_1_227' title='bbox 261 2190 454 2242; x_wconf 77' lang='lat' dir='ltr'><strong>possunt3</strong></span> <span class='ocrx_word' id='word_1_228' title='bbox 474 2185 741 2227; x_wconf 71' lang='lat' dir='ltr'><strong>virisifuisse</strong></span> <span class='ocrx_word' id='word_1_229' title='bbox 751 2185 845 2225; x_wconf 87' lang='lat' dir='ltr'><strong>Sch.</strong></span> <span class='ocrx_word' id='word_1_230' title='bbox 864 2185 1103 2237; x_wconf 80' lang='lat' dir='ltr'><strong>suspicatur.</strong></span> <span class='ocrx_word' id='word_1_231' title='bbox 1134 2184 1328 2235; x_wconf 71' lang='lat' dir='ltr'><strong>Putat-im,</strong></span> <span class='ocrx_word' id='word_1_232' title='bbox 1342 2197 1422 2226; x_wconf 88' lang='lat' dir='ltr'><strong>non</strong></span> <span class='ocrx_word' id='word_1_233' title='bbox 1436 2187 1524 2237; x_wconf 74' lang='lat' dir='ltr'><strong>viri,</strong></span> <span class='ocrx_word' id='word_1_234' title='bbox 1539 2185 1613 2227; x_wconf 85' lang='lat' dir='ltr'><strong>sed</strong></span> 
     </span>
     <span class='ocr_line' id='line_1_30' title="bbox 269 2254 1614 2308; baseline -0.001 -11"><span class='ocrx_word' id='word_1_235' title='bbox 269 2258 448 2308; x_wconf 74' lang='lat' dir='ltr'><strong>Qm’re’tes</strong></span> <span class='ocrx_word' id='word_1_236' title='bbox 477 2254 767 2308; x_wconf 86' lang='lat' dir='ltr'><strong>compendiose</strong></span> <span class='ocrx_word' id='word_1_237' title='bbox 789 2254 917 2294; x_wconf 81' lang='lat' dir='ltr'><strong>fuisse</strong></span> <span class='ocrx_word' id='word_1_238' title='bbox 942 2254 1148 2307; x_wconf 83' lang='lat' dir='ltr'><strong>scriptum,</strong></span> <span class='ocrx_word' id='word_1_239' title='bbox 1178 2254 1287 2306; x_wconf 85' lang='lat' dir='ltr'><strong>qnod</strong></span> <span class='ocrx_word' id='word_1_240' title='bbox 1314 2255 1469 2294; x_wconf 81' lang='lat' dir='ltr'><strong>librarii</strong></span> <span class='ocrx_word' id='word_1_241' title='bbox 1491 2267 1614 2307; x_wconf 75' lang='lat' dir='ltr'><strong>saepe</strong></span> 
     </span>
     <span class='ocr_line' id='line_1_31' title="bbox 260 2322 1611 2377; baseline -0.004 -11"><span class='ocrx_word' id='word_1_242' title='bbox 260 2325 305 2366; x_wconf 90' lang='lat' dir='ltr'><strong>in</strong></span> <span class='ocrx_word' id='word_1_243' title='bbox 320 2324 416 2365; x_wconf 83' lang='lat' dir='ltr'><strong>Rut.</strong></span> <span class='ocrx_word' id='word_1_244' title='bbox 445 2326 601 2377; x_wconf 86' lang='lat' dir='ltr'><strong>ponunt</strong></span> <span class='ocrx_word' id='word_1_245' title='bbox 625 2335 705 2376; x_wconf 89' lang='lat' dir='ltr'><strong>pro</strong></span> <span class='ocrx_word' id='word_1_246' title='bbox 730 2334 781 2363; x_wconf 90' lang='lat' dir='ltr'><strong>eo</strong></span> <span class='ocrx_word' id='word_1_247' title='bbox 810 2322 986 2370; x_wconf 89' lang='lat' dir='ltr'><strong>nomine,</strong></span> <span class='ocrx_word' id='word_1_248' title='bbox 1017 2322 1126 2375; x_wconf 88' lang='lat' dir='ltr'><strong>quod</strong></span> <span class='ocrx_word' id='word_1_249' title='bbox 1141 2323 1297 2375; x_wconf 87' lang='lat' dir='ltr'><strong>recepi,</strong></span> <span class='ocrx_word' id='word_1_250' title='bbox 1326 2322 1611 2363; x_wconf 76' lang='lat' dir='ltr'><strong>Athenienses.</strong></span> 
     </span>
    </p>

    <p class='ocr_par' dir='ltr' id='par_1_6' title="bbox 256 2390 1615 2788">
     <span class='ocr_line' id='line_1_32' title="bbox 374 2390 1614 2444; baseline -0.002 -11"><span class='ocrx_word' id='word_1_251' title='bbox 374 2391 445 2434; x_wconf 80' lang='lat' dir='ltr'><strong>Vl.</strong></span> <span class='ocrx_word' id='word_1_252' title='bbox 477 2391 732 2432; x_wconf 69' lang='lat' dir='ltr'><strong>metathesis.</strong></span> <span class='ocrx_word' id='word_1_253' title='bbox 774 2390 872 2431; x_wconf 90' lang='lat' dir='ltr'><strong>Hoc</strong></span> <span class='ocrx_word' id='word_1_254' title='bbox 899 2390 1064 2431; x_wconf 76' lang='lat' dir='ltr'><strong>schema</strong></span> <span class='ocrx_word' id='word_1_255' title='bbox 1092 2390 1427 2431; x_wconf 58' lang='lat' dir='ltr'><strong>iucundissimum</strong></span> <span class='ocrx_word' id='word_1_256' title='bbox 1438 2391 1518 2444; x_wconf 86' lang='lat' dir='ltr'><strong>fit)</strong></span> <span class='ocrx_word' id='word_1_257' title='bbox 1533 2402 1614 2431; x_wconf 86' lang='lat' dir='ltr'><strong>non</strong></span> 
     </span>
     <span class='ocr_line' id='line_1_33' title="bbox 257 2459 1615 2513; baseline -0.003 -10"><span class='ocrx_word' id='word_1_258' title='bbox 257 2463 364 2503; x_wconf 74' lang='lat' dir='ltr'><strong>solet</strong></span> <span class='ocrx_word' id='word_1_259' title='bbox 393 2462 452 2502; x_wconf 78' lang='lat' dir='ltr'><strong>ita</strong></span> <span class='ocrx_word' id='word_1_260' title='bbox 482 2460 766 2501; x_wconf 82' lang='lat' dir='ltr'><strong>commendare</strong></span> <span class='ocrx_word' id='word_1_261' title='bbox 794 2460 998 2500; x_wconf 77' lang='lat' dir='ltr'><strong>schemata</strong></span> <span class='ocrx_word' id='word_1_262' title='bbox 1028 2459 1230 2508; x_wconf 79' lang='lat' dir='ltr'><strong>Rutilius,</strong></span> <span class='ocrx_word' id='word_1_263' title='bbox 1259 2460 1465 2513; x_wconf 82' lang='lat' dir='ltr'><strong>magisque</strong></span> <span class='ocrx_word' id='word_1_264' title='bbox 1494 2459 1615 2500; x_wconf 74' lang='lat' dir='ltr'><strong>etiam</strong></span> 
     </span>
     <span class='ocr_line' id='line_1_34' title="bbox 259 2527 1613 2582; baseline -0.002 -12"><span class='ocrx_word' id='word_1_265' title='bbox 259 2531 445 2582; x_wconf 82' lang='lat' dir='ltr'><strong>proxime</strong></span> <span class='ocrx_word' id='word_1_266' title='bbox 473 2542 697 2570; x_wconf 82' lang='lat' dir='ltr'><strong>recurrens</strong></span> <span class='ocrx_word' id='word_1_267' title='bbox 726 2529 999 2581; x_wconf 82' lang='lat' dir='ltr'><strong>superlativus</strong></span> <span class='ocrx_word' id='word_1_268' title='bbox 1037 2529 1291 2582; x_wconf 55' lang='lat' dir='ltr'><strong>notissimum</strong></span> <span class='ocrx_word' id='word_1_269' title='bbox 1326 2527 1503 2567; x_wconf 87' lang='lat' dir='ltr'><strong>animum</strong></span> <span class='ocrx_word' id='word_1_270' title='bbox 1542 2527 1613 2568; x_wconf 83' lang='lat' dir='ltr'><strong>nd-</strong></span> 
     </span>
     <span class='ocr_line' id='line_1_35' title="bbox 261 2594 1615 2650; baseline -0.002 -13"><span class='ocrx_word' id='word_1_271' title='bbox 261 2599 398 2638; x_wconf 81' lang='lat' dir='ltr'><strong>vortit.</strong></span> <span class='ocrx_word' id='word_1_272' title='bbox 440 2598 641 2639; x_wconf 79' lang='lat' dir='ltr'><strong>Lacunam</strong></span> <span class='ocrx_word' id='word_1_273' title='bbox 669 2602 780 2645; x_wconf 77' lang='lat' dir='ltr'><strong>ante,</strong></span> <span class='ocrx_word' id='word_1_274' title='bbox 810 2596 1071 2650; x_wconf 78' lang='lat' dir='ltr'><strong>respondisse</strong></span> <span class='ocrx_word' id='word_1_275' title='bbox 1099 2595 1262 2646; x_wconf 75' lang='lat' dir='ltr'><strong>dicitur,</strong></span> <span class='ocrx_word' id='word_1_276' title='bbox 1293 2608 1413 2648; x_wconf 85' lang='lat' dir='ltr'><strong>qnam</strong></span> <span class='ocrx_word' id='word_1_277' title='bbox 1436 2594 1615 2648; x_wconf 85' lang='lat' dir='ltr'><strong>explevit</strong></span> 
     </span>
     <span class='ocr_line' id='line_1_36' title="bbox 260 2661 1613 2720; baseline -0.002 -16"><span class='ocrx_word' id='word_1_278' title='bbox 260 2676 368 2704; x_wconf 79' lang='lat' dir='ltr'><strong>nunc</strong></span> <span class='ocrx_word' id='word_1_279' title='bbox 395 2665 447 2714; x_wconf 84' lang='lat' dir='ltr'><strong>f.‚</strong></span> <span class='ocrx_word' id='word_1_280' title='bbox 475 2665 517 2706; x_wconf 89' lang='lat' dir='ltr'><strong>S.</strong></span> <span class='ocrx_word' id='word_1_281' title='bbox 548 2667 705 2720; x_wconf 82' lang='lat' dir='ltr'><strong>explet:</strong></span> <span class='ocrx_word' id='word_1_282' title='bbox 735 2665 864 2705; x_wconf 79' lang='lat' dir='ltr'><em>Plato</em></span> <span class='ocrx_word' id='word_1_283' title='bbox 893 2667 1199 2718; x_wconf 70' lang='lat' dir='ltr'><strong>mtermgatus,</strong></span> <span class='ocrx_word' id='word_1_284' title='bbox 1236 2665 1310 2717; x_wconf 74' lang='lat' dir='ltr'><strong>qui</strong></span> <span class='ocrx_word' id='word_1_285' title='bbox 1341 2676 1451 2716; x_wconf 79' lang='lat' dir='ltr'><strong>resp.</strong></span> <span class='ocrx_word' id='word_1_286' title='bbox 1492 2661 1613 2702; x_wconf 81' lang='lat' dir='ltr'><strong>beata</strong></span> 
     </span>
     <span class='ocr_line' id='line_1_37' title="bbox 256 2730 1613 2788; baseline -0.003 -14"><span class='ocrx_word' id='word_1_287' title='bbox 256 2733 395 2784; x_wconf 81' lang='lat' dir='ltr'><strong>fieret,</strong></span> <span class='ocrx_word' id='word_1_288' title='bbox 422 2746 529 2787; x_wconf 80' lang='lat' dir='ltr'><strong>resp.</strong></span> <span class='ocrx_word' id='word_1_289' title='bbox 560 2739 635 2776; x_wconf 82' lang='lat' dir='ltr'><strong>etc.</strong></span> <span class='ocrx_word' id='word_1_290' title='bbox 656 2757 713 2765; x_wconf 92' lang='lat'><strong>—-</strong></span> <span class='ocrx_word' id='word_1_291' title='bbox 755 2735 922 2788; x_wconf 77' lang='lat' dir='ltr'><strong>sapiunt</strong></span> <span class='ocrx_word' id='word_1_292' title='bbox 950 2756 1007 2764; x_wconf 89' lang='lat'>—</span> <span class='ocrx_word' id='word_1_293' title='bbox 1036 2733 1261 2787; x_wconf 73' lang='lat' dir='ltr'><strong>imperant)</strong></span> <span class='ocrx_word' id='word_1_294' title='bbox 1290 2732 1524 2786; x_wconf 60' lang='lat' dir='ltr'><strong>sayn&#39;ant—</strong></span> <span class='ocrx_word' id='word_1_295' title='bbox 1538 2730 1613 2770; x_wconf 78' lang='grc' dir='ltr'><strong>ἰηι-</strong></span> 
     </span>
    </p>

    <p class='ocr_par' dir='ltr' id='par_1_7' title="bbox 1461 2803 1615 2851">
     <span class='ocr_line' id='line_1_38' title="bbox 1461 2803 1615 2851; baseline 0 -13"><span class='ocrx_word' id='word_1_296' title='bbox 1461 2803 1615 2851; x_wconf 82' lang='lat' dir='ltr'><strong>perent</strong></span> 
     </span>
    </p>
   </div>
   <div class='ocr_carea' id='block_1_3' title="bbox 1716 446 1793 3207">
    <p class='ocr_par' dir='ltr' id='par_1_8' title="bbox 1716 446 1793 3207">
     <span class='ocr_line' id='line_1_39' title="bbox 1716 446 1793 3207; baseline 0 0"><span class='ocrx_word' id='word_1_297' title='bbox 1716 446 1793 3207; x_wconf 95' lang='lat' dir='ltr'><strong> </strong></span> 
     </span>
    </p>
   </div>
  </div>
 </body>
</html>
