1793 3207
281 243 770 283 anmanvmtslorms
794 243 1045 282 curnem.
1075 239 1297 288 Inna-4.
1387 235 1470 289 48,

99 362 266 414 adm.)
294 362 339 401 ἐπ
366 373 413 401 se
439 360 480 402 S.
495 383 551 392 —-
578 363 780 417 reliquum
808 362 989 416 tempus)
1015 363 1059 401 in
1087 360 1164 402 rel.
1194 364 1318 414 temp.
1350 359 1452 398 scri-

97 432 161 473 bit
188 442 239 470 ex
266 427 318 470 R.
345 427 444 481 Bk„
481 443 564 471 non
597 435 731 481 recte3
767 434 832 472 est
867 432 977 472 enim
1004 430 1082 471 rel.
1111 433 1234 483 temp.
1265 428 1450 469 nomina-2

96 499 214 540 tivus.
241 496 304 555 iu,
313 510 412 539 vero
438 499 569 553 ipsum
598 499 920 541 additamentum
948 511 1081 540 meam
1118 496 1449 539 emendationem

94 566 344 619 comprobat.
401 567 504 609 Nam
541 569 622 609 iste
658 567 861 609 beneficio
895 567 1053 608 nullum
1091 565 1228 606 locum
1255 564 1449 605 relictum

94 646 187 677 esse
216 635 351 683 videt,
387 636 482 689 quia
509 636 703 677 facinoris
732 636 866 690 magni
896 635 972 675 sibi
1000 634 1189 675 conscius
1220 637 1299 674 est.
1358 631 1446 674 Sed

93 703 388 745 subabsurdum
426 708 492 744 est
529 704 688 754 dicere,
744 705 862 744 illum
904 703 1076 743 amicum
1120 702 1214 741 fore
1251 700 1445 752 despero,

92 771 187 824 quia
214 784 292 825 ego
321 771 419 811 tanti
448 772 535 811 eius
562 771 755 812 facinoris
784 772 971 812 conscius
1000 783 1102 819 sum,
1132 773 1179 809 ut
1207 769 1279 809 ille
1306 768 1350 808 in
1379 780 1446 807 me

91 838 390 880 benivolentiae
418 851 535 890 spem
563 839 714 882 nullam
744 838 934 879 collocari
963 851 1088 891 posse
1115 836 1331 889 intelligat.

204 904 276 945 IV.
305 904 533 958 Prolepsis.
563 906 723 958 Atque)
751 906 884 959 Atqui
908 905 958 946 R.
987 906 1097 958 quod
1127 905 1314 958 sequitur
1342 903 1444 950 Εἰς-ς

91 984 170 1024 ego
198 975 361 1012 ceteros
390 972 519 1013 libros
547 972 753 1024 praefero.
781 996 838 1004 —-
866 975 939 1025 qui
961 975 1034 1022 sit)
1062 975 1153 1025 quis
1179 976 1234 1012 sit
1250 973 1300 1012 Ο.
1331 984 1442 1011 corr.

90 1038 148 1089 S„
175 1039 292 1092 prob.
325 1038 401 1079 Rk.
431 1060 487 1069 —
523 1041 707 1093 inopiae>
745 1041 988 1092 inopiaeque
1023 1039 1064 1079 S.
1093 1061 1151 1069 --
1187 1040 1443 1090 humanitus)

90 1108 354 1149 humanitatis
383 1107 430 1147 L.
458 1108 486 1147 l.
518 1106 570 1148 V.
612 1104 898 1164 (humanitate
935 1120 988 1153 m,
1017 1120 1050 1147 s.
1078 1107 1126 1146 1..
1156 1106 1217 1161 l.)
1255 1108 1443 1148 humanis

82 1189 201 1229 pree.
230 1175 281 1214 Ε.
311 1175 530 1215 humanitate
559 1175 610 1214 R.
640 1175 872 1215 humaniter
899 1175 941 1216 S.
971 1176 1153 1215 correxit
1181 1174 1261 1213 Rk.
1291 1198 1348 1204 —-
1370 1174 1444 1230 de-

82 1242 306 1302 precante)
326 1241 586 1296 deprecantis
614 1242 641 1284 l.
670 1238 748 1302 (L.
778 1257 814 1284 a.
843 1257 897 1283 m.
928 1238 1041 1301 sec.)
1073 1241 1123 1283 V.
1138 1243 1187 1282 A.
1204 1242 1254 1283 Ε.
1274 1264 1332 1272 —
1363 1255 1443 1295 quo

89 1311 243 1360 minus)
272 1313 497 1350 communis
526 1310 576 1349 R.
610 1311 705 1350 hinc
724 1311 788 1350 S.:
818 1325 911 1351 cum
940 1310 1137 1351 omnibus.
1152 1332 1209 1339 —
1238 1315 1289 1349 ut
1306 1322 1442 1362 para·

88 1379 176 1428 tus)
193 1379 435 1431 ..imparatus
464 1377 513 1417 R.
541 1376 585 1417 S.
613 1401 670 1407 —
698 1378 878 1429 videtur)
916 1377 1131 1419 videbatur
1169 1379 1219 1417 0.
1259 1377 1443 1417 correxit

87 1445 168 1485 Rk.
196 1467 253 1475 --
279 1444 465 1498 negabit)
493 1447 663 1498 negavit
688 1445 735 1487 L.
763 1446 791 1486 1.
821 1445 871 1485 R.
902 1446 999 1486 hine
1026 1446 1150 1486 etiam
1181 1457 1301 1486 error
1327 1444 1440 1484 vide-

88 1513 211 1554 batur
240 1526 374 1567 supra.
391 1534 446 1552 —-.-
475 1514 533 1554 sto
562 1526 608 1555 se
636 1514 848 1567 agentem)
875 1515 935 1556 sic
964 1527 1044 1556 om.
1065 1514 1114 1555 Ο.
1134 1513 1317 1555 correxit
1336 1512 1439 1561 Rk.;

87 1582 166 1622 iam
195 1584 289 1621 ante
317 1593 363 1621 se
390 1582 431 1620 in
460 1583 519 1621 sic
547 1585 723 1622 mutarat
750 1581 793 1622 S.

202 1647 254 1690 V.
283 1648 525 1697 Horismos)
563 1649 744 1690 Orismos
776 1650 826 1690 0.
857 1673 913 1680 —
943 1651 1207 1701 exercitatio)
1239 1651 1437 1690 exercitio

87 1717 139 1756 R.
169 1729 295 1755 verae
321 1718 492 1769 corrigit
520 1716 573 1757 V.
607 1717 654 1756 D.
693 1719 734 1757 in
764 1730 889 1771 marg.
919 1717 969 1757 R.
1008 1723 1049 1757 et
1077 1719 1183 1768 tum)
1214 1723 1254 1757 et
1283 1730 1364 1756 om.
1393 1717 1436 1755 S.

87 1806 143 1814 —
169 1785 253 1823 ita.-
271 1783 442 1835 furtum
462 1784 570 1835 secie
598 1781 705 1841 etc.)
732 1785 869 1825 Libri:
905 1787 965 1825 ita
994 1790 1047 1830 ut*
1058 1786 1167 1837 fecit
1195 1785 1307 1825 dives
1337 1798 1435 1824 ava-

86 1863 185 1891 rus:
212 1851 263 1889 In
291 1851 389 1890 villa
419 1854 496 1889 etc.
556 1851 824 1891 Ruhnkenius
852 1853 1016 1891 scribit:
1051 1855 1111 1892 ita
1146 1856 1195 1891 ut
1219 1853 1331 1904 fecit
1357 1851 1436 1890 112·-

87 1918 292 1960 narckus:
326 1917 453 1958 Dz'ves
489 1931 642 1959 avarus
678 1921 721 1959 in
759 1919 857 1959 villa
894 1919 1039 1959 aedem
1066 1920 1178 1972 fecit
1203 1920 1435 1959 Fortunae.

85 1985 377 2039 Fragmentum
415 1986 548 2038 ipsum
586 1987 626 2025 ei
661 1987 847 2027 mutilum
886 1987 1060 2026 videtur.
1118 1987 1202 2026 Sed
1232 1993 1276 2026 et
1304 1988 1438 2026 oratio

86 2052 384 2106 simplicissima
413 2056 455 2093 et
483 2066 620 2093 rerum
650 2055 831 2107 praecisa
867 2054 1046 2095 brevitas
1074 2058 1220 2108 aperte
1247 2054 1349 2094 mihi
1378 2054 1438 2093 vi-

86 2121 210 2160 detur
244 2126 495 2172 monstrare,
530 2122 598 2162 hic
638 2135 717 2162 uon
755 2124 930 2163 oratoris
978 2124 1212 2176 exemplum
1249 2123 1436 2174 proponi,

85 2187 159 2228 sed
189 2200 346 2228 merum
385 2190 449 2229 rei
486 2193 780 2244 argumentum.
839 2191 961 2243 Quod
997 2192 1032 2231 si
1068 2193 1149 2239 est,
1190 2203 1325 2242 neque
1364 2190 1437 2229 Di-

85 2255 231 2295 narchi
268 2268 403 2307 neque
438 2257 673 2309 cuiusquam
709 2270 858 2298 nomen
897 2258 1177 2309 quaerendum
1216 2261 1303 2306 est,
1361 2257 1435 2297 sed

85 2323 144 2362 ita
173 2323 404 2374 exemplum
432 2323 571 2362 fictum
599 2325 779 2374 inducit,
806 2325 932 2376 idque
962 2325 1011 2364 ab
1040 2325 1140 2377 ipsis
1169 2325 1307 2365 verbis
1336 2337 1434 2377 pro-

85 2390 202 2434 ximis
229 2391 385 2443 incipit.
444 2390 527 2429 lam
564 2391 761 2440 alterum,
796 2391 904 2442 quod
944 2391 996 2431 de
1034 2404 1154 2431 avaro
1184 2392 1311 2430 divite
1341 2404 1435 2429 nar-

84 2462 214 2506 ratur,
244 2461 404 2497 certum
433 2460 514 2497 est:
551 2456 768 2497 Fortunae
805 2457 949 2497 aedem
976 2458 1098 2509 fecit.
1137 2460 1186 2497 ab
1216 2470 1286 2505 ea,
1325 2459 1434 2497 avari

83 2527 264 2578 patrona,
293 2525 481 2565 definitio
509 2524 559 2564 ad
589 2525 802 2564 utilitatem
831 2526 1005 2577 petitur,
1034 2527 1061 2564 i.
1083 2538 1120 2564 e.
1151 2538 1174 2563 a
1204 2525 1434 2564 temeritate

84 2592 194 2633 illius
231 2591 347 2633 deae.
387 2593 506 2645 eique
542 2592 772 2634 definitioni
807 2594 912 2633 ratio
950 2593 1232 2644 subiungitur:
1277 2594 1435 2633 crimen

85 2662 278 2714 arguitur
315 2661 547 2700 temeritate
583 2660 715 2706 illius,
761 2660 789 2698 i.
823 2674 860 2700 e.
899 2664 1058 2700 temere
1077 2659 1245 2699 ‘factum
1284 2660 1435 2701 decere

86 2741 202 2777 eum,
232 2727 301 2780 qui
329 2727 573 2768 temeritatis
602 2726 716 2767 deam
746 2726 824 2767 sibi
851 2730 1062 2782 patronam
1091 2726 1278 2781 elegerit.
1335 2727 1433 2767 Om-

86 2796 151 2836 nia
180 2797 304 2850 igitur
332 2796 382 2837 ad
410 2796 573 2837 schema
600 2795 668 2837 hic
705 2798 821 2837 recte
857 2795 1032 2846 habent,
1075 2798 1241 2848 praeter
1277 2795 1433 2841 factum
