1793 3207
866 213 932 259 22

220 363 375 404 Tamen
403 358 500 411 quid
536 358 753 406 intersint,
791 371 842 399 ex
878 357 1203 410 uniuscuiusque
1230 363 1444 415 supposita
1480 372 1574 401 sen-

220 440 342 483 tentia
368 449 622 491 cognoscere
650 439 823 491 poteris,
853 443 899 480 et
927 438 1060 479 multo
1087 436 1325 491 diligentius
1344 455 1395 482 ex
1414 442 1575 483 Graeco

220 519 396 573 Gorgiae
425 517 552 567 libro,
583 517 654 557 ubi
683 517 873 570 pluribus
902 516 1222 569 uniuscuiusque
1243 518 1349 557 ratio
1375 520 1576 562 redditur.

217 598 301 640 Sed
329 599 411 640 hoc
440 610 706 652 paromoeum
735 599 956 639 verborum
995 598 1126 638 efficit
1159 597 1486 646 similitudinem,
1523 602 1579 642 ita

168 679 194 722 5
217 682 263 718 ut
290 679 371 720 hoc
400 683 485 719 est:
514 677 631 718 Nam
661 678 904 731 disputandi
927 681 1005 718 aut
1029 677 1238 718 suadenda·
1262 681 1327 718 est
1353 677 1470 718 aliud
1486 678 1577 719 ido-

216 773 342 799 neum
370 764 540 811 tempus.
584 757 684 797 Cum
713 758 876 810 quidem
906 757 1174 798 adversarius
1204 762 1393 798 armatus
1402 762 1577 812 praesto

219 843 293 889 est,
322 837 593 879 resistendum
622 842 684 877 est
712 837 807 877 kuic
835 851 920 878 non
948 838 1096 886 verbis,
1125 838 1203 879 sed
1230 841 1370 879 armis.

329 916 436 956 XIII.
467 915 918 957 ΟΜΟΕΟΡΤΟΤΟΝ.
949 918 1041 958 Hoc
1070 919 1113 959 iu
1143 919 1303 959 duobus
1319 919 1455 958 verbis
1477 930 1578 959 eun-

219 997 311 1037 dem
340 996 466 1037 habet
495 1010 655 1047 casum,
694 1002 762 1037 aut
791 998 964 1039 eandem
994 999 1256 1039 novissimam
1285 998 1493 1051 syllabam.
1534 997 1580 1038 ld

142 1075 196 1119 10
220 1082 285 1118 est
312 1077 574 1117 huiusmodi:
612 1077 664 1116 In
703 1077 827 1117 rebus
858 1078 1043 1118 adversis
1072 1092 1164 1119 cum
1190 1082 1359 1130 praesto
1390 1082 1452 1116 est
1479 1089 1579 1116 con-

220 1157 367 1205 silium,
397 1169 482 1196 non
506 1160 649 1208 potest
674 1155 817 1196 deesse
846 1158 1058 1197 auxilium.
1088 1157 1190 1197 Item
1208 1156 1448 1197 Sosim-atis:
1464 1155 1579 1196 Nam

220 1238 294 1289 qm·
316 1235 507 1275 secundis
534 1234 658 1274 rebus
688 1235 861 1278 libenter
890 1239 1191 1284 assentiuntur,
1230 1236 1352 1276 iidem
1380 1236 1504 1275 simul
1529 1247 1580 1275 ac

218 1327 263 1353 se
281 1314 467 1365 fortuna
496 1316 814 1364 contristaverit,
835 1317 969 1367 primi
992 1316 1251 1355 zbzsae’de'antar.

330 1391 441 1432 XIV.
471 1392 998 1433 OMOEOTELEVTON.
1029 1394 1118 1433 Hoc
1147 1394 1279 1432 minus
1309 1392 1480 1431 evidens
1504 1395 1580 1440 est,

140 1468 194 1513 15
219 1485 339 1526 quam
368 1472 578 1524 superius,
618 1475 661 1512 et
688 1474 888 1512 minorem
919 1472 1048 1513 affert
1076 1472 1244 1512 auribus
1274 1472 1580 1512 iucunditatem.

217 1551 321 1593 Nam
350 1564 484 1603 neque
520 1556 604 1590 tam
642 1552 759 1603 paria
797 1552 878 1591 duo
916 1552 1042 1593 verba
1078 1555 1192 1600 sunt,
1230 1564 1365 1603 neque
1403 1550 1581 1590 eundem

216 1630 369 1671 habent
397 1643 537 1670 casum
566 1633 610 1670 et
641 1643 785 1670 sonum
814 1631 949 1679 vocis,
1000 1645 1120 1683 quam
1151 1630 1301 1670 Graeci
1330 1626 1583 1685 προςωὸίαν

217 1710 437 1763 appeliant.
496 1710 543 1748 ld
581 1714 648 1749 est
687 1710 951 1749 huiusmodi:
1009 1710 1127 1750 Nam
1169 1710 1400 1763 respublica
1437 1714 1582 1749 nostra

218 1789 277 1829 ad
302 1789 412 1830 hunc
440 1792 594 1829 statum
621 1790 787 1842 gloriae
816 1790 1011 1841 pervenit
1049 1802 1135 1829 non
1164 1788 1423 1828 multitudine
1453 1788 1582 1828 homi-

138 1875 195 1918 20
217 1881 329 1916 num,
358 1868 436 1907 sed
461 1870 683 1908 severitate
713 1869 865 1921 legum.

331 1947 426 1988 XV.
455 1947 746 1988 lSOCOLON.
781 1948 871 1987 Hoc
900 1950 969 1987 aut
1000 1947 1156 1987 duabus
1186 1951 1259 1986 aut
1287 1945 1473 1998 pluribus
1491 1958 1584 1985 sen·

221 2025 361 2065 tentiis
392 2026 584 2065 brevibus
614 2030 655 2066 et
683 2027 798 2067 inter
830 2039 876 2065 se
907 2026 1074 2077 paribus
1104 2025 1300 2077 exigitur,
1330 2025 1386 2064 ita
1413 2025 1477 2064 uti
1505 2025 1584 2065 hoc

222 2109 308 2144 est:
339 2105 618 2157 Nequaquam
646 2105 746 2143 mihi
771 2105 882 2144 dives
913 2109 987 2149 est,
1007 2105 1189 2155 quamvis
1203 2104 1334 2142 multa
1354 2082 1583 2156 possideat,

223 2186 297 2237 qui
327 2197 460 2237 neque
484 2185 622 2237 finem
661 2183 782 2223 habet
820 2182 1029 2236 cupiendi,
1068 2195 1200 2235 aeque
1235 2182 1401 2223 modum
1437 2187 1584 2224 statuit

141 2269 199 2312 25
222 2262 376 2301 utendi.
437 2262 553 2301 Nam
583 2267 623 2301 et
650 2263 823 2301 multum
852 2262 1105 2308 desiderare,
1137 2263 1294 2314 egentis
1324 2267 1383 2300 est
1406 2264 1582 2315 signam,

222 2347 268 2382 et
293 2342 396 2382 m'lzz‘l
424 2355 626 2395 parcere,
664 2343 858 2395 egestatis
896 2346 960 2381 est
992 2342 1161 2381 initium.
1220 2341 1345 2382 Item:
1386 2341 1583 2382 Seorsum

223 2427 304 2471 est,
364 2421 606 2475 beneficium
642 2421 748 2461 dare
786 2421 980 2468 libenter,
1038 2422 1231 2460 iniuriam
1259 2421 1415 2473 facere
1458 2421 1581 2460 nolle.

222 2502 337 2541 Nam
367 2501 506 2542 dando
537 2501 800 2555 beneficiam,
846 2502 1051 2554 extemplo
1081 2500 1395 2540 benivolentiam
1426 2499 1584 2551 [inten-

245 2656 269 2691 7
316 2659 456 2701 armis.)
480 2660 729 2693 Paromoeum
752 2660 810 2693 est
835 2658 873 2692 in
896 2658 1010 2692 verbis
1033 2662 1070 2691 et
1094 2657 1212 2690 armis.
1239 2656 1433 2701 putaveris
1457 2667 1481 2689 a
1500 2658 1585 2689 ante

315 2725 336 2746 r
359 2713 513 2759 propius
546 2715 750 2750 accessisse
782 2715 879 2759 apud
915 2715 1127 2755 Romanos,
1162 2724 1272 2757 quam
1305 2713 1403 2757 apud
1434 2714 1584 2749 nostros

315 2768 489 2811 ferimus,
512 2771 557 2804 ad
582 2782 713 2806 sonum
735 2772 870 2807 literae
887 2783 929 2813 e,·
953 2771 1051 2805 unde
1064 2770 1242 2809 inermem,
1251 2769 1399 2802 inertem
1413 2766 1583 2802 facimus.

225 2825 270 2860 26
316 2826 483 2862 Seorsum
506 2827 580 2871 cst)
605 2827 713 2871 quasi
735 2828 775 2863 in
799 2827 967 2863 diversas
991 2828 1118 2871 partes
1142 2824 1243 2866 abit3
1267 2834 1364 2859 nove
1388 2822 1538 2859 dictum.
