1793 3207
785 189 857 269 ¹15

145 335 198 377 de
223 348 308 390 qua
323 339 537 389 posterius
563 336 703 393 [huic]
729 336 963 379 decadum.
1025 336 1292 393 Quapropter
1320 334 1382 380 ad
1395 333 1505 378 tund

143 414 257 472 quod
278 417 424 473 paullo
445 419 569 474 prius
596 418 774 475 agebam
800 422 1004 462 revertor.

254 497 304 538 11.
333 498 756 541 ALLOEOSIS.112
783 498 865 540 hoc
892 499 1103 540 schemate
1132 498 1277 539 divisio
1306 501 1351 539 et
1378 510 1502 553 sepa-

143 578 248 620 ratio
277 583 345 621 est
372 592 642 633 personarum
670 582 741 621 aut
767 592 922 629 rerum,
954 582 997 621 et
1025 578 1341 627 demonstratio,
1372 591 1501 630 quau·-

142 660 230 698 tum
273 658 448 698 intersit.
514 658 740 712 Hegesiae:
785 658 967 699 Diversa
1001 657 1141 699 studia
1176 656 1500 698 adolescentium
1521 654 1552 700 5

143 739 325 778 animum
380 736 718 785 adverteramns,·
774 740 943 779 tametsi
985 738 1156 790 fratres
1213 741 1359 785 erant,
1415 749 1500 775 ano

142 821 266 871 atque
294 814 439 856 eodem
465 819 671 870 sangnine
700 819 793 859 orti.
851 797 977 859 Alter
1003 820 1047 859 in
1074 816 1212 859 stadio
1243 800 1386 858 laudis
1407 828 1503 857 ver-

142 896 314 936 sabatur
342 899 385 935 et
411 895 620 936 industria
646 898 808 937 virtutis
835 899 961 938 vitam
994 899 1245 951 gloriosam,
1279 896 1358 938 sed
1384 896 1501 937 labo-

142 977 298 1016 riosam
325 975 574 1028 sequebatur
580 989 598 1022 ,·
627 976 737 1015 alter
764 977 809 1015 in
838 975 1034 1028 augenda
1056 979 1237 1027 pecunia
1258 981 1501 1029 occupatus,

143 1058 188 1096 et
212 1053 394 1095 habendi
416 1054 641 1108 cupiditate
668 1053 947 1108 depravatas,
984 1067 1166 1095 summas
1202 1054 1362 1095 divitias
1390 1068 1503 1096 sum-
1526 1052 1583 1099 10

141 1148 254 1174 mam
281 1136 472 1174 virtutem
501 1134 772 1174 em‘smnabat.
830 1132 915 1173 Hic
943 1134 1136 1173 nimirum
1163 1134 1299 1187 magis
1328 1134 1504 1187 eratla-

142 1212 343 1262 boriosus,
373 1215 447 1267 qui
471 1212 656 1253 laborem
685 1213 904 1262 condendi,
933 1226 1018 1254 non
1046 1212 1194 1254 utendi
1219 1226 1351 1253 causa
1372 1214 1503 1254 susce·-

136 1292 291 1346 piebat.
351 1292 457 1332 Item
486 1292 736 1345 Hyperidis:
772 1293 875 1333 Non
911 1294 1019 1333 enim
1046 1293 1177 1333 simile
1205 1297 1271 1332 est
1293 1294 1430 1333 vivere
1457 1294 1502 1332 in

144 1385 279 1425 aequa
307 1372 491 1420 civitate,
537 1371 610 1411 ubi
639 1373 703 1412 ius
740 1371 897 1427 legibus
931 1372 1093 1421 valeat,
1131 1376 1178 1412 et
1204 1371 1397 1413 devenire
1424 1370 1500 1413 sab

143 1453 264 1492 unius
293 1453 466 1504 tyranni
489 1453 719 1504 imperium,
747 1450 826 1490 aba*
844 1452 1068 1504 singularis
1098 1451 1220 1491 libido
1250 1451 1498 1491 dominetur.
1524 1447 1579 1492 15

145 1529 231 1571 Sed
255 1543 422 1571 necesse
451 1534 525 1579 est,
555 1535 628 1571 ant
657 1530 814 1585 legibus
832 1531 998 1584 fretum
1025 1533 1256 1572 meminisse
1286 1530 1498 1580 libertatis,

145 1615 222 1650 aut
256 1612 379 1650 unius
411 1612 614 1664 potestati
648 1610 847 1651 traditum
892 1610 1173 1664 qnotidianam
1219 1615 1501 1651 commentare

143 1691 392 1730 servitutem.
798 1710 803 1714 ·

256 1768 325 1808 111.
353 1767 742 1809 DIGAEOLOGIA.
799 1768 892 1809 Hoc
918 1769 1012 1809 fieri
1040 1769 1166 1818 solet,
1196 1781 1291 1809 cum
1320 1768 1500 1821 nequitu·
1532 1796 1534 1799 -

145 1851 232 1888 tem
261 1859 426 1887 caussae
455 1860 574 1899 quam
601 1848 774 1887 maxime
802 1847 917 1888 brevi
947 1848 1147 1888 sententia
1173 1847 1500 1900 complectimur.
1521 1843 1581 1887 20

145 1926 192 1967 Id
222 1929 287 1967 est
313 1926 574 1967 huiusmodi:
609 1926 732 1978 Quod
757 1928 797 1967 si
819 1940 885 1967 me
912 1926 1204 1981 reprehendis,
1246 1940 1340 1968 cum
1379 1926 1501 1968 homo

145 2006 388 2047 adolescens
425 2007 567 2059 lapsus
602 2009 697 2054 sim,
735 2007 995 2047 vehementer
1037 2019 1181 2055 erras,
1220 2008 1293 2059 qui
1323 2006 1369 2046 id
1394 2006 1507 2060 quod

145 2089 326 2124 naturae
364 2085 509 2124 valeat
539 2087 721 2126 instituto
770 2085 989 2125 arbitraris
1025 2084 1343 2133 vindicandum3
1382 2099 1504 2127 acer-

146 2163 298 2216 bnsqae
335 2168 376 2202 et
411 2165 573 2216 iniquus
612 2177 680 2212 es,
738 2165 812 2217 qui
834 2164 879 2204 id
905 2164 1018 2217 qnod
1042 2164 1273 2217 aequaliter
1318 2163 1504 2204 omnibus

138 2245 263 2297 putes
307 2241 624 2295 ignoscendum,
663 2243 741 2283 nni
771 2245 961 2297 imputas.
1020 2243 1123 2284 Item
1161 2243 1329 2296 Lysiae:
1385 2243 1502 2284 Nam
1522 2243 1579 2288 25

146 2334 225 2375 ego
254 2321 367 2370 hnic,
395 2320 573 2368 indices,
602 2321 794 2375 quicquid
827 2322 887 2362 ad
918 2324 1110 2376 saperius
1147 2326 1306 2375 tempus
1341 2324 1500 2370 attinet,

145 2401 248 2443 nihil
272 2413 493 2441 succenseo
504 2413 521 2447 ,·
568 2400 671 2440 nillil
699 2403 807 2441 enim
834 2401 1051 2455 deliquisse
1090 2402 1276 2455 cognovi.
1336 2399 1425 2441 Sed
1454 2402 1500 2441 in

167 2522 192 2558 5
235 2522 357 2556 studia
380 2523 534 2556 animum
558 2523 821 2557 adver-teramus
830 2524 868 2569 ς)
893 2523 1128 2569 frequentius
1148 2523 1308 2558 dicimus
1333 2522 1501 2560 animum

236 2577 283 2612 nd
306 2576 450 2621 aliquid
472 2578 677 2612 advertere.

167 2633 192 2669 8
235 2633 414 2678 industria
434 2634 598 2679 viantis)
622 2634 877 2682 coniungenda
898 2639 998 2678 sunt,
1020 2646 1106 2678 non,
1128 2635 1271 2671 virtutis
1293 2636 1382 2673 vita.

146 2690 193 2725 12
239 2690 444 2734 condendi)
468 2690 495 2724 i.
518 2701 550 2724 e.
575 2691 774 2736 reponendi
797 2695 835 2726 et
858 2691 1094 2727 acumulandi
1117 2703 1243 2729 causa.

146 2745 194 2781 15
236 2746 433 2792 singularis
456 2747 583 2791 libido)
605 2747 635 2782 i.
659 2759 690 2782 e.
713 2747 832 2783 libido
855 2747 967 2783 unius
990 2747 1171 2785 hominis.

145 2802 193 2839 1‘2
237 2803 492 2849 commentare)
515 2803 768 2848 archaismu03
790 2815 903 2843 auree
924 2806 1028 2844 aetas
1051 2804 1148 2863 dixit
1169 2806 1407 2844 commentari.
