1793 3207
163 379 346 434 dimum]
397 393 482 422 non
514 381 717 435 faciendo
760 385 976 433 inaurium,
1017 381 1227 424 duntaxat
1278 378 1418 422 odiam
1459 378 1518 418 vi-

163 466 311 500 tamus.

274 539 384 584 XVI.
439 541 822 585 ΑΝΤΙΤΗΕΤΟΝ.
882 542 974 583 Hoc
1020 542 1213 596 pluribus
1251 540 1386 581 modis
1422 537 1518 579 fieri

162 621 291 671 solet,
331 626 374 662 et
407 622 530 662 habet
556 623 600 662 in
629 626 738 663 omni
766 635 920 677 genere
949 623 1144 662 orationis
1174 627 1373 660 summam
1402 618 1517 658 utili-

161 704 299 742 tatem.
367 702 505 752 Quare
550 704 768 754 separatim
806 701 1172 743 demonstrandum
1219 703 1283 739 est
1321 699 1376 737 de
1413 710 1516 737 uno-
1538 693 1566 736 5

162 792 327 833 quoque
364 792 518 833 genere
554 780 653 821 eius.
719 781 858 822 Unum
903 787 990 831 est,
1039 794 1132 821 cum
1177 778 1410 820 contrariae
1445 789 1517 817 res

162 860 275 899 inter
314 871 360 898 se
398 858 681 899 conferuntur.
754 860 950 900 Charisii:
989 860 1114 900 Alter
1161 871 1306 899 eorum
1344 861 1441 897 erat
1476 857 1518 895 iu

163 936 302 977 dando
333 936 545 990 benignu&
576 938 684 977 alter
713 941 805 978 erat
833 939 875 978 in
905 939 1139 992 accipiendo
1170 942 1354 979 astutus.-
1388 935 1518 977 Hunc

164 1030 305 1057 omnes
336 1016 422 1069 [ubi
451 1017 657 1066 videbant,
687 1018 801 1057 ultro>
826 1018 1008 1065 adibant3
1037 1019 1081 1057 in
1107 1018 1178 1057 illo
1208 1031 1349 1058 omues
1377 1028 1517 1057 causas

164 1096 321 1149 omnes]
354 1096 663 1149 conquirebant,
680 1109 733 1153 ue
749 1095 802 1136 ab
817 1109 866 1136 eo
883 1095 1134 1136 viderentur.
1163 1095 1302 1135 Huius
1319 1096 1425 1135 enim
1435 1108 1518 1149 pu-
1543 1092 1597 1136 10

164 1176 244 1217 dor
273 1180 369 1217 erat
395 1176 580 1217 omnibus
603 1175 830 1224 iucundus,
866 1176 976 1216 illius
1002 1180 1140 1216 autem
1168 1175 1421 1229 impudentia
1442 1174 1524 1227 ipsi

164 1257 314 1306 suavis,
336 1257 483 1296 ceteris
513 1269 674 1297 amara.
706 1256 795 1297 Hoc
822 1255 932 1296 idem
961 1256 1054 1297 fieri
1071 1259 1211 1310 potest
1240 1256 1283 1295 in
1313 1268 1393 1297 una
1420 1266 1518 1307 per-

165 1347 277 1383 sona,
288 1337 347 1376 ita
365 1337 423 1375 uti
441 1335 543 1376 fecit
562 1336 803 1384 Dinarchus,
820 1349 912 1375 cum
932 1337 1021 1389 ipse
1040 1336 1092 1376 de
1121 1348 1168 1376 se
1197 1335 1373 1374 diceret:
1411 1332 1516 1372 Olim

163 1416 207 1455 iu
236 1414 515 1455 adolescentia
543 1414 686 1455 sedulo
718 1427 877 1455 omnem
904 1415 1084 1468 gloriam
1099 1413 1315 1460 sectabar,·
1346 1416 1392 1453 at
1404 1424 1516 1452 nunc

164 1496 207 1534 in
248 1499 459 1534 senectute
501 1507 703 1534 summum
744 1507 811 1533 me
853 1494 1116 1534 ambitionum
1164 1493 1315 1532 invasit
1364 1491 1515 1531 odium.
1540 1488 1595 1533 15

172 1573 286 1614 Tunc
305 1574 441 1626 facile
469 1574 605 1614 multis
636 1572 890 1627 opitulabar3
919 1586 1029 1615 nunc
1057 1573 1142 1613 iam
1170 1584 1237 1612 me
1256 1572 1389 1625 ipsum
1407 1570 1521 1611 tueri

163 1654 234 1694 via·
264 1665 451 1706 possum.
523 1653 627 1693 Tum
670 1653 772 1693 mihi
804 1653 1056 1693 beatissimus
1092 1652 1282 1700 videbar,
1321 1653 1361 1690 si
1393 1663 1516 1704 quam

158 1733 350 1785 plurimis
379 1732 553 1786 benigne
571 1733 796 1784 fecissem‚·
824 1746 934 1773 nunc
964 1737 1111 1773 contra
1138 1744 1309 1779 vereor,
1337 1743 1392 1771 ue
1420 1729 1519 1783 quid

165 1811 267 1850 mik-i
289 1811 396 1850 desit
421 1811 479 1851 ad
511 1813 789 1852 necessarium
828 1814 976 1852 aetatis
1012 1824 1131 1851 meae
1165 1811 1334 1850 cultum.
1400 1808 1516 1873 Tunc

167 1902 244 1943 ego
280 1891 368 1943 ipse
398 1903 482 1943 pro
519 1890 729 1944 republica
754 1891 931 1943 sortiter
968 1904 1089 1931 arma
1127 1889 1365 1944 capiebam‚·
1404 1874 1515 1929 nuuc
1538 1884 1595 1929 20

159 1973 458 2022 praeterquam
497 1970 672 2011 laudare
711 1983 781 2010 eos
819 1972 891 2024 qui
923 1970 1218 2025 rempublicam
1256 1970 1413 2010 armati
1446 1968 1518 2009 do-

159 2048 344 2099 sendum
371 2049 474 2089 m‘lzil
499 2050 632 2091 valeo.
690 2051 771 2091 Est
806 2056 942 2091 autem
979 2064 1108 2103 genus
1144 2050 1291 2097 huius,
1338 2049 1448 2102 quod
1476 2049 1519 2088 in

166 2127 310 2167 eadem
340 2130 545 2169 sententia
574 2129 704 2182 priori
733 2130 858 2171 verbo
889 2130 1161 2184 [contrarium
1191 2129 1301 2183 quod
1330 2128 1415 2181 est]
1456 2127 1518 2168 in-

164 2205 269 2246 ferri
307 2210 349 2245 et
384 2208 574 2259 coniungi
613 2209 729 2249 solet.
788 2209 955 2249 Isidori:
992 2210 1094 2250 Non
1131 2211 1203 2248 ille
1238 2209 1410 2247 stultitia
1446 2212 1518 2248 aut

158 2283 316 2335 furore
343 2285 542 2337 impulsus
570 2291 656 2326 tam
683 2301 836 2340 graves
864 2288 1029 2329 labores
1048 2288 1221 2340 frustra
1249 2287 1422 2336 subibat,
1443 2285 1519 2327 sed
1538 2282 1594 2326 25

168 2377 221 2404 ea·
249 2362 474 2403 acerbitate
503 2364 654 2404 laboris
682 2366 884 2406 iucundos
911 2368 1134 2419 voluptatis
1151 2367 1326 2418 fructus
1348 2366 1428 2406 sibi
1434 2380 1514 2418 pa-

167 2442 301 2484 rabat.
348 2442 469 2483 Aliud
499 2447 563 2484 est
590 2444 703 2493 item,
734 2445 844 2498 quod
873 2447 1080 2498 superiori
1107 2446 1294 2494 infertur,
1324 2445 1398 2485 sed
1417 2457 1513 2485 con-

166 2565 212 2602 15
256 2565 513 2609 ambitionum.)
537 2568 624 2600 nota
647 2565 831 2611 pluralem
854 2566 1039 2602 rariorem
1066 2566 1105 2601 in
1136 2567 1208 2601 hoc
1230 2566 1401 2610 nomine3
1427 2570 1516 2602 sunt

256 2626 380 2658 autem
403 2621 508 2656 varia
530 2621 746 2656 ambitionis
769 2634 915 2667 genera.

167 2677 213 2714 19
257 2677 491 2727 necessarium
514 2678 678 2722 cultum.)
710 2681 799 2713 nota
822 2690 1040 2724 oxymoron.
1069 2690 1155 2713 nam
1177 2679 1388 2715 necessaria
1411 2680 1512 2715 vitae

259 2738 493 2781 opponuntur
517 2734 649 2776 cultui,
672 2734 712 2768 in
736 2746 809 2778 quo
833 2740 920 2769 sunt
943 2734 1079 2776 omnia,
1103 2747 1198 2780 quae
1221 2736 1267 2771 ad
1289 2736 1409 2772 vitam
1423 2746 1511 2769 sua-

255 2803 343 2827 vem
364 2789 559 2837 pertinent.
608 2790 681 2826 Sed
704 2791 829 2826 cultus
860 2791 901 2826 in
930 2802 1017 2826 sene
1048 2793 1282 2829 necessarius
1313 2796 1390 2835 est,
1422 2791 1511 2837 quia

256 2849 412 2884 tractari
429 2848 567 2885 mollius
590 2853 690 2885 actae
712 2848 889 2884 Imbecilla
910 2848 1025 2894 cupit.
