1793 3207
367 183 855 223 ANIMADVERSIONES
878 178 1131 223 onmem.
1170 179 1341 228 ⁴12‘.1,·<1.
1452 171 1523 224 πθ

173 301 445 356 fragmentum
474 306 536 342 est
572 306 734 353 auctus,
773 304 896 344 etiam
934 303 1170 344 varietatem
1204 302 1392 343 lectionis
1427 310 1522 354 gru·

174 370 328 412 vtorem
356 368 424 410 hic
450 370 669 425 adscripsi,
707 374 923 425 praeterea
961 381 1058 415 vero
1095 372 1161 413 vix
1197 385 1372 427 unquam
1407 369 1523 413 istud

173 438 449 491 fragmentum
476 442 519 481 iu
546 455 664 482 usum
693 439 843 481 voca‘vi.
921 461 924 466 ·

229 552 318 595 Lib.
349 553 380 594 1.

285 620 392 661 Pub.
423 621 522 661 Rut.
553 620 659 675 Lup.
690 618 800 681 etc.)
829 622 931 663 Mss.
950 625 995 662 et
1011 620 1064 662 V.
1093 621 1204 662 hunc
1220 620 1388 662 titulum
1403 632 1522 676 prae·-

174 687 335 730 ferunt:
373 689 428 729 P.
455 689 606 729 Rutilii
637 689 752 743 Lupi
784 690 1004 735 Schematu
1041 688 1242 730 dianoeas
1270 701 1325 728 ex
1358 688 1522 735 Graeco

176 769 296 798 versa
328 757 501 810 Gorgia.
567 756 616 798 R.
654 757 708 798 P.
737 758 887 800 Rutilii
910 758 1024 813 Lupi
1046 758 1098 799 de
1114 760 1273 813 figuris
1300 759 1525 800 sententia-

160 837 271 865 ·rum
300 830 340 864 et
371 826 609 865 elocutionis
638 826 738 866 liber
768 828 801 868 Ι.
858 828 928 867 Fr.
965 827 1165 868 Pithoeus
1204 827 1258 867 de
1292 826 1525 867 coniectura

177 892 286 933 hunc
314 893 475 933 titulum
505 892 641 933 dedit:
675 894 749 933 Es
789 893 838 934 P.
867 894 1016 935 Rutilii
1039 894 1153 948 Lupi
1175 895 1227 936 de
1243 896 1401 949 figuris
1428 908 1524 936 sen-

178 962 400 1002 tentiarum
428 965 473 1002 et
497 961 739 1002 elocutionis
768 961 870 1002 libro
901 962 961 1008 Ι.;
989 966 1037 1002 ut
1051 962 1300 1015 significaret
1317 964 1526 1016 epitomen

178 1030 315 1082 potius
344 1043 458 1079 esse,
515 1042 633 1081 quam
669 1030 818 1070 librum
856 1029 1073 1082 integrum.
1131 1030 1289 1069 Auctor
1317 1031 1425 1082 ipse,
1485 1032 1528 1070 ni

178 1096 327 1146 fallor,
365 1097 474 1137 hunc
513 1096 619 1137 libro
657 1110 732 1138 suo
771 1098 930 1138 titulum
961 1096 1138 1137 feceratz
1167 1096 1220 1136 P.
1251 1096 1398 1137 Rutilii
1420 1096 1535 1152 Lupi

183 1164 404 1205 Schemata
433 1165 631 1206 dt'cznoeas
660 1172 700 1206 et
729 1166 871 1206 lea-eos
901 1179 954 1205 ea·
987 1165 1161 1206 Graecis
1183 1165 1369 1218 Gorgiae
1395 1178 1528 1214 versa.

182 1233 398 1285 Quomodo
438 1233 622 1275 eiusdem
660 1234 892 1288 argumenti
929 1234 1113 1274 libellum
1153 1233 1362 1286 inscripsit
1397 1232 1531 1275 Julius

182 1301 436 1341 Rufinianus.
494 1301 598 1341 Nam
627 1302 840 1343 rhetorum
870 1302 1104 1342 Latinorum
1133 1301 1271 1340 schola
1299 1312 1380 1340 non
1406 1301 1529 1340 modo

182 1369 405 1423 figurarum
435 1369 597 1409 nomina
626 1368 795 1419 Graeca,
821 1369 899 1410 *sed
927 1369 1050 1410 etiam
1081 1382 1202 1409 voces
1232 1368 1411 1418 schema,
1440 1368 1530 1409 dea-

183 1451 312 1486 uoea,
351 1439 455 1477 lea-is
491 1437 669 1477 adscivit.
729 1437 838 1478 Vide
875 1437 1104 1492 charisium
1132 1436 1205 1477 lv.
1239 1450 1279 1490 p.
1308 1437 1405 1477 246.
1432 1436 1530 1477 249.

186 1508 229 1547 et
257 1505 457 1547 Donatum
487 1505 539 1546 de
566 1505 770 1547 Schemat.
800 1519 845 1559 pi
869 1505 994 1548 1773.
1052 1504 1130 1546 Rk.
1160 1505 1296 1557 Atque
1325 1505 1405 1545 erit
1433 1518 1532 1558 pro-

185 1573 294 1614 fecto
322 1586 421 1615 vera
448 1586 497 1616 ea
524 1574 620 1614 libri
648 1575 859 1627 inscriptio
888 1573 1142 1621 reducenda;
1172 1573 1246 1613 sed
1274 1577 1433 1613 mutare
1458 1586 1532 1613 no-

187 1654 295 1691 men,
324 1641 434 1694 quod
463 1641 542 1682 iam
571 1642 613 1682 iu
644 1653 783 1682 omnes
811 1645 977 1682 nostrae
1004 1640 1107 1681 artis
1137 1640 1263 1681 libros
1276 1640 1439 1692 abisset,
1454 1652 1535 1682 non

189 1710 289 1750 mihi
316 1711 358 1750 in
387 1710 508 1750 huius
537 1710 730 1751 editionis
759 1710 999 1751 modestiam
1029 1709 1178 1750 cadere
1206 1708 1432 1751 videbatur.

678 1810 765 1848 121
781 1810 946 1848 BER
992 1811 1040 1848 1.

302 1879 334 1919 1.
390 1878 731 1933 Prosopodosis.)
767 1878 880 1919 Nihil
917 1879 1097 1920 iacturae
1133 1879 1174 1919 in
1207 1878 1411 1932 principio
1438 1877 1541 1918 fecit

192 1946 339 1988 Rutilii
367 1946 483 1987 liber.
540 1946 643 1987 Nam
673 1947 928 1998 Quinctilium
957 1946 1027 1994 lx,
1054 1947 1096 1987 4.
1127 1947 1299 2000 primam
1328 1959 1380 1987 ex
1408 1958 1460 1987 eo
1489 1946 1539 1986 fi-

193 2027 334 2071 guram
356 2015 662 2069 prosapodosin
692 2016 842 2055 laudat.
883 2015 961 2055 Rk.
991 2015 1161 2055 Exordii
1192 2019 1328 2055 tamen
1347 2015 1544 2055 iacturam

194 2082 304 2121 haud
333 2082 456 2123 dubie
484 2083 668 2123 fecimus.
699 2083 893 2123 Ceterum
922 2084 1052 2136 ipsam
1070 2083 1307 2122 divisionem
1326 2080 1546 2135 pet-‘libros

196 2149 315 2197 duos,
346 2162 470 2201 quum
501 2151 773 2202 quinctiliano
801 2156 910 2193 teste
940 2165 990 2192 ex
1019 2152 1199 2205 Gorgiae
1229 2152 1345 2191 libris
1372 2155 1546 2204 quatuor

196 2217 385 2257 Rutilius
403 2230 526 2257 unum
555 2218 743 2267 fecisset,
780 2220 924 2260 deberi
951 2220 1129 2260 librariis
1159 2218 1238 2259 Rk.
1267 2220 1310 2259 in
1339 2219 1475 2259 Praef.
1504 2233 1544 2273 p.

197 2283 308 2325 XVI.
338 2284 538 2337 probavit.

303 2352 531 2405 posterius)
553 2354 764 2404 posterior
792 2352 842 2391 R.
871 2353 1154 2404 subinferetur
1182 2353 1229 2393 L.
1257 2354 1284 2393 l.
1312 2375 1370 2383 —
1397 2353 1546 2392 adver-

200 2422 256 2460 sis
292 2419 456 2469 rebus.)
493 2419 662 2459 deversis
709 2418 875 2459 Omnes.
940 2419 1186 2473 Recepimus
1223 2419 1545 2460 emendationem

201 2486 255 2528 V.
287 2487 336 2528 Ι).
365 2488 407 2528 in
433 2487 616 2541 margine
640 2485 691 2527 R.
720 2485 799 2526 Rk.

314 2555 537 2609 restituat.)
566 2554 629 2595 De
656 2554 886 2599 coniectura
913 2553 1078 2594 reddidi
1114 2553 1288 2594 Rutilio:
1324 2566 1394 2595 res
1428 2557 1551 2597 reste·-

204 2628 306 2666 tuat.
344 2621 420 2665 Rk.
457 2623 547 2678 Ego
583 2634 724 2663 vocem
761 2621 939 2663 additam
972 2634 1117 2662 rursus
1153 2621 1317 2673 induxi3
1355 2636 1449 2664 nam
1477 2622 1551 2664 ad-

193 2707 350 2736 versas
378 2706 445 2734 res
474 2692 526 2733 ad
560 2692 729 2732 verbum
764 2689 1011 2731 restituendi
1042 2690 1258 2743 supplere,
1315 2704 1397 2733 uon
1433 2690 1554 2731 nimis

207 2761 362 2805 durum
405 2765 488 2811 est3
531 2760 769 2815 praesertim
806 2770 930 2812 quum
958 2764 1179 2813 exsuperet
1214 2760 1340 2802 etiam
1370 2763 1424 2801 -ut
1458 2771 1557 2813 sup-
