1793 3207
277 229 345 276 42
451 233 942 274 fflmanvnnsmnns
966 234 1222 274 carnem.
1253 237 1297 273 11-
1321 236 1374 280 11,
1391 235 1428 272 ε.

391 352 460 392 111.
487 350 779 406 Dicaeologia.
817 349 934 407 Hoc)
971 351 1140 395 schema
1177 352 1296 409 addit
1324 354 1368 396 S.
1407 376 1464 384 —
1500 354 1576 406 qni
1598 352 1645 394 id

281 419 392 476 qaod
417 439 475 449 ·-
503 419 815 471 venda-andum)
844 420 1042 475 que‘dquid
1066 424 1250 462 naturae
1276 423 1419 463 valeat
1444 422 1542 463 etin
1556 433 1642 462 uno

280 488 370 530 arb.
409 488 659 531 vindicanda
698 488 747 528 0.
784 491 876 542 qui,
920 489 1019 543 quid
1052 493 1209 530 natura
1244 490 1406 538 valeat,
1443 493 1642 546 ignoras.-

281 556 538 612 acerbusque
568 561 611 598 et
634 558 798 611 iniquus
835 572 900 609 es,
939 560 1013 612 qui
1044 557 1157 612 quod
1190 559 1420 612 aequaliter
1459 559 1643 601 omnibm

274 631 401 681 putes
438 625 756 680 ignoscendum,
796 629 874 667 uni
904 629 1108 681 imputas,
1147 632 1191 667 et
1222 628 1265 666 in
1302 640 1385 667 uno
1424 627 1644 668 arbitraris

281 695 574 738 vindicandum
604 694 646 736 S.
682 698 799 736 acute
827 698 959 736 mutat
987 702 1033 737 et
1057 697 1100 736 in
1128 709 1212 736 uno
1241 696 1304 745 in,
1345 697 1538 749 ignorum
1567 695 1644 737 sed

282 766 443 806 acutius
472 777 565 804 esse
601 764 829 812 inventum,
870 776 992 815 quam
1028 765 1188 814 verius,
1224 764 1373 804 effecta
1399 764 1498 805 inde
1527 776 1644 805 mon-

284 837 393 875 strat
431 832 651 873 necessitas
686 832 980 885 transponendi
1017 831 1163 881 verba,
1200 837 1241 871 et
1276 833 1319 872 in
1346 845 1430 873 uno
1460 835 1537 873 etc.
1574 833 1649 887 qui

284 902 397 956 quod
422 905 605 940 naturae
627 900 792 952 placet,
831 902 874 939 in
910 902 1056 940 iuvene
1096 900 1318 940 arbitraris
1352 900 1643 941 vindicandum

283 969 363 1010 Rk.
394 968 482 1009 Cur
495 979 577 1009 non
600 968 804 1022 placeat?
832 981 923 1009 nam
942 969 1134 1021 sequitur
1156 969 1642 1022 pute-«11,-‘sediniuvene⁹

283 1049 526 1091 quamquam
556 1038 692 1089 primo
723 1040 891 1089 aspectu
920 1037 1077 1089 placet,
1116 1049 1258 1076 verum
1295 1048 1377 1075 non
1406 1040 1480 1076 est.
1537 1038 1643 1077 Nam

284 1107 344 1148 sic
373 1103 486 1160 quod
521 1108 704 1145 naturae
732 1105 880 1159 placet
915 1110 1200 1159 opponeretur
1228 1104 1402 1158 quodam
1428 1105 1550 1146 modo
1579 1108 1643 1147 iu-

284 1177 402 1223 veni‚·
441 1177 487 1214 et
525 1176 636 1213 esset
671 1176 896 1223 sententia,
935 1174 1044 1226 qnod
1072 1175 1115 1213 in
1153 1174 1340 1214 omnibus
1375 1174 1552 1225 valeret,
1596 1174 1643 1214 id

282 1245 419 1284 minus
450 1241 573 1283 etiam
604 1252 696 1281 esse
724 1241 767 1280 in
795 1242 944 1281 iuvene
972 1241 1264 1294 castigandum.
1303 1242 1427 1294 Atqui
1456 1246 1643 1295 apparet,

281 1323 391 1351 nnnc
417 1309 470 1348 de
510 1308 713 1349 eiusmodi
750 1309 876 1348 rebus
905 1310 1083 1357 tractari,
1125 1321 1222 1361 quas
1263 1322 1387 1361 quum
1423 1309 1466 1349 in
1503 1310 1643 1350 adole-

282 1376 481 1419 scentulis
508 1362 708 1428 flagitium
744 1387 828 1415 non
866 1386 958 1416 esse
987 1376 1205 1428 antiquitas
1244 1381 1433 1429 putaret,
1473 1377 1516 1417 in
1544 1378 1642 1419 viris

283 1451 424 1488 tamen
458 1437 815 1496 reprehendebat;
852 1444 977 1495 igitur
1015 1442 1124 1496 quod
1159 1447 1330 1485 naturae
1367 1445 1524 1497 placet,
1562 1458 1643 1488 non

284 1514 338 1556 ad
367 1525 507 1553 omnes
535 1510 814 1559 referendum,
845 1512 919 1552 sed
948 1511 1000 1552 ad
1028 1512 1314 1553 adolescentes
1343 1524 1459 1554 unos.
1516 1513 1644 1557 Foret

285 1579 410 1637 igitur
438 1579 834 1632 interpungendum,
873 1580 987 1632 quod
1021 1586 1201 1620 naturae
1230 1582 1380 1634 placet
1413 1583 1456 1621 in
1484 1583 1642 1635 iuvene,

285 1649 504 1692 arbitraris
532 1646 834 1688 vindicandum.
879 1647 925 1688 ld
954 1661 1053 1688 vero
1081 1649 1176 1689 fieri
1205 1661 1287 1689 non
1317 1662 1442 1702 posse
1470 1654 1643 1704 propter

284 1719 431 1760 multas
470 1728 631 1764 causas,
683 1728 760 1767 per
797 1728 842 1755 se
880 1716 1141 1768 intelligitur.
1210 1718 1475 1768 Quapropter
1510 1732 1641 1760 meam

282 1784 582 1826 correctionem
620 1781 837 1835 praefero,
885 1782 999 1835 quod
1038 1787 1218 1823 naturae
1263 1784 1406 1824 valeat
1441 1784 1640 1826 instituto.

281 1853 405 1906 Quod
436 1851 671 1891 institutum
692 1850 811 1902 quale
842 1851 907 1900 sit,
935 1851 1238 1903 praecedentia,
1269 1851 1383 1903 quod
1398 1851 1519 1892 homo
1535 1854 1639 1894 ado-

283 1922 440 1961 lescens
470 1919 611 1971 lapsus
639 1919 736 1967 sim,
776 1919 875 1958 satis
913 1918 1120 1971 aperiunt.
1178 1918 1234 1958 Et
1270 1923 1386 1959 recte
1415 1919 1641 1962 matitutum

284 1989 435 2028 dicitur
462 1992 654 2035 naturae,
683 1985 796 2037 quod
825 1986 1011 2027 naturale
1041 1990 1119 2035 est,
1148 1986 1201 2027 ad
1232 1987 1341 2038 quod
1371 1989 1514 2028 natura
1541 1989 1639 2029 ado-

287 2053 520 2095 lescentiam
549 2053 739 2092 instituit.

397 2119 650 2172 acerbusque
678 2123 722 2159 et
746 2117 927 2175 uniquus)
958 2124 1001 2160 et
1027 2127 1106 2160 om.
1137 2119 1188 2160 Ο.
1219 2119 1377 2161 addidit
1405 2120 1447 2162 S.
1477 2147 1534 2153 —
1571 2127 1645 2178 qm·

284 2190 330 2231 id
355 2186 485 2244 qnod)
516 2186 714 2241 quidquid
741 2186 790 2227 Ο.
819 2190 893 2241 qui
916 2187 1028 2240 quod
1054 2187 1132 2227 Rk.
1164 2200 1241 2241 ego
1270 2192 1447 2242 utroque
1476 2191 1567 2232 loco
1595 2192 1643 2233 id

284 2256 528 2300 servandum
557 2256 776 2296 arbitratus
805 2269 909 2296 snm.
939 2278 996 2284 —
1026 2255 1208 2297 omnibus
1236 2255 1342 2313 ign.)
1372 2258 1426 2298 ab·
1454 2259 1639 2301 omnibus

285 2326 336 2366 Ο.
367 2325 419 2365 ab
449 2323 601 2365 delevit
630 2324 670 2365 S.
701 2323 751 2363 R.
780 2345 837 2353 —
865 2325 943 2363 uni
965 2325 1163 2377 imputas)
1192 2326 1400 2378 imputans
1429 2325 1479 2366 Ο.

395 2397 441 2433 et
464 2392 711 2445 vituperem)
741 2396 786 2431 et
809 2393 1149 2444 vituperationem
1177 2394 1206 2432 l.
1237 2392 1288 2433 V.
1318 2414 1374 2423 —-
1411 2394 1638 2436 arbitratus

283 2459 346 2516 es)
382 2474 422 2501 a.
461 2465 526 2500 est
563 2458 615 2500 V.
644 2459 695 2499 R.
731 2480 787 2488 —
844 2459 1072 2509 conscium)
1119 2474 1238 2512 quem
1275 2463 1404 2500 sciam
1443 2460 1493 2501 0.
1532 2459 1637 2519 (sed

283 2538 502 2582 quemnam
538 2527 566 2568 l.
605 2527 656 2567 Ε.
695 2525 747 2567 V.
778 2522 857 2582 A.)
899 2528 1107 2567 conscium
1144 2539 1220 2580 ego
1258 2527 1445 2575 correxi3
1502 2542 1636 2583 neque

284 2598 393 2636 enim
423 2596 476 2637 de
504 2608 551 2637 se
580 2595 736 2636 iudicat
764 2593 917 2647 Lysias,
948 2594 1024 2636 sed
1054 2594 1109 2634 de
1137 2594 1266 2635 amico
1296 2598 1339 2636 et
1367 2595 1457 2637 eius
1485 2597 1539 2638 ad
1568 2597 1636 2638 of-

281 2663 421 2709 ficium
438 2664 585 2705 reditus
616 2663 695 2704 Est
725 2663 849 2703 etiam·
861 2662 962 2704 haec
979 2663 1125 2711 oratio,
1156 2664 1327 2705 maxime
1341 2667 1523 2718 propter
1535 2677 1634 2716 pro-

280 2742 433 2772 nomen
449 2732 654 2780 omissum,
682 2743 752 2778 se,
782 2730 939 2780 durior,
969 2743 1088 2783 quam
1117 2730 1153 2770 si
1181 2729 1342 2773 Graece
1370 2736 1530 2779 vex-tm
1557 2732 1634 2775 sed

279 2802 456 2855 propter
481 2797 525 2839 id
552 2798 687 2850 ipsum
715 2800 868 2853 corrigi
894 2797 1043 2848 nolim,
1081 2799 1156 2851 qui
1175 2811 1222 2840 ae
1248 2801 1366 2841 sciat.
1395 2821 1452 2831 --
1486 2800 1531 2840 in
1564 2813 1632 2842 me
