1793 3207
221 206 293 257 54
384 213 875 256 mmmvmffloms
898 196 1152 255 camum.
1177 218 1222 256 1..
1244 217 1296 263 11,
1312 216 1459 255 17-19.

223 333 272 376 In
308 330 505 374 addendi!
542 330 623 373 Rk.
661 333 853 389 corrigit:
892 335 1017 375 etiam
1052 335 1094 375 si
1125 335 1182 375 sit
1213 349 1365 378 novum
1401 337 1467 377 ius
1492 339 1583 377 sta-

223 400 433 443 tuendum.

330 467 485 509 xvln.
515 467 764 511 Parrhesia.
795 470 1016 525 diligenter
1043 470 1263 523 utendum)
1290 472 1517 514 verendum
1531 472 1581 513 0.

220 535 294 577 sed
322 536 555 589 serendum
594 538 669 588 R.‚
725 540 836 579 unde
873 539 1122 592 faciendum
1159 538 1201 579 S.
1240 539 1438 579 utendum
1473 554 1582 581 corr.

219 603 396 646 Gesner.
436 606 862 662 assimulandumque)
901 621 979 662 que
1018 619 1096 647 om.
1139 607 1188 647 Ο.
1228 619 1306 661 ego
1341 607 1492 648 addidi.
1527 631 1583 638 —

217 679 401 715 vestram
432 677 625 728 operam)
654 682 795 717 vestra
825 690 956 729 opera
986 677 1035 717 Ο.
1067 690 1175 717 corr.
1207 677 1247 716 S.
1268 697 1324 706 —·
1353 676 1583 716 Athenien-

218 745 306 794 ses)
343 744 523 795 Quirites
554 745 603 785 Ο.
633 757 792 785 correx-
824 746 872 785 Ε.
901 747 984 786 viri
1007 746 1281 786 Athenienses
1312 744 1362 784 R.
1392 767 1449 775 —
1500 744 1542 785 V
1537 757 1583 785 os

219 814 329 853 enim
358 835 414 842 —
444 812 675 864 credendo)
705 813 774 853 Sic
806 814 851 854 L.
883 814 910 854 Ι.
943 812 995 854 V.
1026 815 1073 854 A.
1138 813 1223 854 Vos
1259 816 1367 854 enim
1395 813 1583 866 desecitis

218 885 374 920 temere
411 881 596 920 omnibus
633 881 842 921 credendo
888 882 938 921 E.
1005 881 1090 921 Vos
1124 884 1232 921 enim
1270 881 1443 933 defectis
1483 886 1511 921 t.
1542 895 1580 921 o.

218 962 279 990 cr.
312 948 378 997 R„
410 948 535 997 unde,
564 963 637 990 vos
667 952 773 991 enim
804 950 970 1004 decepti
996 951 1091 990 estis
1121 955 1149 990 t.
1183 964 1220 991 o.
1252 964 1310 990 cr.
1340 950 1381 990 S.
1439 950 1582 1003 Expli-

217 1020 283 1057 cat
313 1017 538 1057 orationem
560 1017 654 1067 Rk.,
684 1019 805 1059 simul
835 1021 941 1060 enim
970 1018 1013 1059 in
1042 1032 1135 1059 eum
1163 1021 1343 1066 mutaus;
1372 1018 1482 1071 quod
1500 1030 1582 1059 non

217 1087 500 1127 necessarium
529 1087 631 1126 mihi
662 1087 838 1127 videtur.

333 1153 575 1195 nocentibus
604 1157 775 1196 remisse
797 1157 994 1209 parcitis)
1017 1156 1184 1209 paratis
1214 1154 1264 1194 Ο.
1301 1156 1581 1194 remissionem

210 1224 380 1276 paratis
409 1222 450 1262 S.
472 1225 666 1275 parcatis*
696 1222 747 1262 V.
765 1223 813 1263 1).
844 1225 886 1263 in
916 1237 1041 1276 marg.
1073 1224 1122 1263 R.
1182 1224 1298 1263 Nam
1327 1236 1580 1263 cum-—no-

217 1289 401 1329 centibus
438 1303 622 1343 poenam
667 1293 897 1339 remittitis,
950 1297 1150 1346 paratum
1192 1305 1264 1331 vos
1301 1291 1581 1345 improborum

214 1358 395 1398 studium
432 1361 509 1398 etc.
551 1358 630 1398 Rk.
689 1359 783 1400 Non
819 1363 950 1400 recte.
1010 1360 1112 1401 Nam
1150 1359 1401 1413 praecedens
1436 1359 1580 1409 oratio,

215 1431 265 1467 ut
293 1427 533 1480 parrhesian
564 1427 707 1477 decet,
744 1441 822 1480 per
861 1441 934 1468 vos
971 1429 1013 1468 in
1053 1428 1211 1468 iudices
1241 1425 1466 1467 invehitur:
1497 1426 1583 1466 Sed

216 1507 333 1543 vos,
364 1493 531 1543 iudices,
559 1508 649 1536 vos
679 1496 783 1537 haec
802 1496 958 1548 facere
989 1495 1154 1536 debetis.
1215 1495 1321 1536 lllud
1351 1496 1480 1549 igitur
1507 1509 1581 1536 vos

216 1563 286 1603 hic
321 1563 445 1603 etiam
479 1564 665 1615 incipere
706 1566 933 1603 orationem
972 1564 1117 1611 debet,
1175 1577 1262 1604 vos
1298 1564 1580 1616 improborum

215 1629 395 1670 studium
425 1634 517 1680 etc„
548 1631 660 1684 quod
689 1635 823 1671 tamen
853 1645 930 1684 per
959 1631 1038 1671 Rk.
1069 1633 1265 1684 eripitur-3
1293 1632 1440 1685 scripsi
1455 1631 1580 1684 igitur
1622 1669 1629 1673 ,

207 1702 386 1754 parcitis
396 1713 413 1747 ,-
442 1713 533 1739 nam
565 1701 669 1740 hanc
699 1702 921 1741 orationem
951 1701 1153 1740 incitatam
1183 1700 1423 1740 indicativus
1451 1700 1578 1752 magis

216 1768 352 1816 decet,
385 1781 505 1820 quam
538 1767 587 1807 V.
620 1768 667 1807 1).
702 1769 983 1808 coniunctivus
1005 1770 1208 1821 parcatis.

326 1835 436 1876 XIX.
468 1835 746 1890 Aett‘ologia.)
775 1838 1044 1890 Etymologia
1074 1837 1100 1875 l.
1134 1835 1184 1877 V.
1200 1836 1248 1875 A.
1285 1836 1509 1888 Eteot’oge'a
1528 1834 1578 1875 R.

213 1904 456 1957 Aetiologia
485 1917 590 1944 corr.
620 1905 661 1944 S.
693 1910 736 1944 et
767 1909 901 1944 servat
932 1905 978 1944 L.
1008 1904 1226 1944 coufirmat
1243 1904 1435 1955 Quinctil.
1452 1903 1577 1951 1X‚3.

213 1970 294 2010 Rk.
324 1968 446 2026 -*)
485 1973 640 2012 excidit
679 1985 826 2013 nomen
867 1973 1055 2012 oratoris.
1122 1971 1263 2010 Idem:
1307 1970 1430 2020 Quod
1455 1970 1578 2020 vobis,

214 2040 298 2078 viri
318 2039 420 2077 Ath.
450 2038 493 2078 S.
523 2060 579 2069 —-·
599 2041 762 2090 fallere
784 2041 981 2093 possunt)
1006 2044 1186 2093 poscunt
1216 2037 1257 2076 S.
1296 2037 1403 2089 qnod
1434 2038 1579 2090 probat

214 2107 322 2156 Rk.,
354 2119 437 2147 non
466 2111 605 2156 recte,
642 2110 863 2159 opponitur
894 2109 1002 2148 enim
1033 2106 1153 2154 infra,
1184 2106 1319 2157 decipi
1348 2119 1432 2145 non
1455 2112 1577 2158 pote·

213 2176 299 2213 stis.
340 2195 398 2202 ——-
457 2174 652 2215 obscurat
689 2176 903 2215 veritatem
950 2173 1138 2228 quaest.)
1179 2172 1441 2215 obscuratum
1486 2177 1582 2215 erat

213 2249 372 2297 quaest.
403 2243 452 2283 Ο.
485 2244 684 2283 obscurat
721 2259 881 2284 omnem
919 2245 1105 2283 utilitatis
1142 2244 1440 2294 inquisitionem
1470 2256 1576 2281 corr.

213 2310 256 2350 S.
288 2310 366 2349 Rk.
401 2310 596 2358 Sensum,
627 2311 784 2363 inquit,
814 2310 924 2350 hunc
955 2323 1045 2350 esse
1076 2313 1196 2362 puto:
1226 2309 1329 2349 Nam
1360 2310 1576 2349 assentatio

212 2378 367 2419 latebat
396 2380 473 2418 sub
503 2382 738 2431 quaestione
767 2380 969 2419 utilitatis.
1038 2380 1314 2418 Obscuratum
1352 2383 1467 2426 erat,
1504 2391 1575 2416 oc-

213 2447 425 2494 cultatum,
456 2450 609 2487 tectum
642 2450 743 2488 erat.
773 2470 830 2476 —
858 2446 949 2486 Sed·
971 2449 1085 2486 recte
1115 2446 1194 2485 iam
1214 2445 1469 2485 acutissimus
1485 2444 1579 2485 Ste-

213 2515 372 2567 phanus
401 2516 581 2566 viderat,
627 2517 695 2556 hic
733 2528 814 2556 nou
852 2516 1018 2568 aliquod
1060 2514 1217 2554 factum
1248 2514 1446 2562 describi,
1503 2514 1578 2553 sed

213 2584 447 2634 generalem
483 2585 727 2624 sententiam
768 2584 940 2636 exponi3
978 2594 1078 2635 ergo
1117 2592 1199 2621 non
1228 2579 1474 2633 imperfecto
1503 2592 1579 2619 uos

214 2649 277 2690 uti
307 2663 440 2702 posse,
472 2651 737 2693 obscuratum
767 2656 880 2700 erut,
910 2651 985 2692 sed
1014 2650 1224 2703 praesenti
1254 2649 1471 2694 obscurat,·
1510 2660 1578 2687 ce-

213 2721 304 2758 tera
331 2717 519 2759 licentius
556 2723 708 2770 mutat;
745 2733 824 2773 ego
861 2732 911 2760 ex
946 2718 1103 2759 vitiosis
1143 2722 1325 2768 umerat,
1363 2717 1577 2756 veritatem

214 2787 364 2829 iuveni.
422 2787 562 2829 Amari
589 2788 670 2830 hoc
698 2790 868 2829 verbum
896 2801 921 2828 a
948 2786 1121 2837 Rutilio,
1149 2791 1193 2827 et
1219 2798 1340 2826 usum
1369 2785 1457 2825 eius
1484 2796 1577 2834 esse
