<?xml version="1.0" encoding="UTF-8"?>
<!DOCTYPE html PUBLIC "-//W3C//DTD XHTML 1.0 Transitional//EN"
    "http://www.w3.org/TR/xhtml1/DTD/xhtml1-transitional.dtd">
<html xmlns="http://www.w3.org/1999/xhtml" xml:lang="en" lang="en">
 <head>
  <title>
</title>
<meta http-equiv="Content-Type" content="text/html;charset=utf-8" />
  <meta name='ocr-system' content='tesseract 3.04.00' />
  <meta name='ocr-capabilities' content='ocr_page ocr_carea ocr_par ocr_line ocrx_word'/>
</head>
<body>
  <div class='ocr_page' id='page_1' title='image "4622881_0016.png"; bbox 0 0 1793 3207; ppageno 0'>
   <div class='ocr_carea' id='block_1_1' title="bbox 10 996 63 2257">
    <p class='ocr_par' dir='ltr' id='par_1_1' title="bbox 10 996 63 2257">
     <span class='ocr_line' id='line_1_1' title="bbox 10 996 63 2257; baseline 0 0"><span class='ocrx_word' id='word_1_1' title='bbox 10 996 63 2257; x_wconf 95' lang='lat' dir='ltr'><strong> </strong></span> 
     </span>
    </p>
   </div>
   <div class='ocr_carea' id='block_1_2' title="bbox 898 234 944 263">
    <p class='ocr_par' dir='ltr' id='par_1_2' title="bbox 898 234 944 263">
     <span class='ocr_line' id='line_1_2' title="bbox 898 234 944 263; baseline 0 0"><span class='ocrx_word' id='word_1_2' title='bbox 898 234 944 263; x_wconf 83' lang='lat' dir='ltr'><strong>lx</strong></span> 
     </span>
    </p>
   </div>
   <div class='ocr_carea' id='block_1_3' title="bbox 792 286 1056 294">
    <p class='ocr_par' dir='ltr' id='par_1_3' title="bbox 792 286 1056 294">
     <span class='ocr_line' id='line_1_3' title="bbox 792 286 1056 294; baseline 0 2913"><span class='ocrx_word' id='word_1_3' title='bbox 792 286 1056 294; x_wconf 95' lang='lat' dir='ltr'><strong> </strong></span> 
     </span>
    </p>
   </div>
   <div class='ocr_carea' id='block_1_4' title="bbox 229 387 1642 2845">
    <p class='ocr_par' dir='ltr' id='par_1_4' title="bbox 236 387 1603 1396">
     <span class='ocr_line' id='line_1_4' title="bbox 243 387 1595 452; baseline -0.003 -15"><span class='ocrx_word' id='word_1_4' title='bbox 243 391 465 437; x_wconf 82' lang='lat' dir='ltr'><strong>stitutum.</strong></span> <span class='ocrx_word' id='word_1_5' title='bbox 495 395 585 447; x_wconf 84' lang='lat' dir='ltr'><strong>est,</strong></span> <span class='ocrx_word' id='word_1_6' title='bbox 632 396 700 447; x_wconf 51' lang='lat' dir='ltr'><strong>ut¹</strong></span> <span class='ocrx_word' id='word_1_7' title='bbox 723 388 770 435; x_wconf 90' lang='lat' dir='ltr'><strong>in</strong></span> <span class='ocrx_word' id='word_1_8' title='bbox 811 405 878 436; x_wconf 60' lang='lat' dir='ltr'><strong>ea,</strong></span> <span class='ocrx_word' id='word_1_9' title='bbox 903 405 1093 452; x_wconf 86' lang='lat' dir='ltr'><strong>quoque</strong></span> <span class='ocrx_word' id='word_1_10' title='bbox 1136 389 1279 436; x_wconf 85' lang='lat' dir='ltr'><strong>classe</strong></span> <span class='ocrx_word' id='word_1_11' title='bbox 1313 404 1411 443; x_wconf 80' lang='lat' dir='ltr'><strong>non</strong></span> <span class='ocrx_word' id='word_1_12' title='bbox 1443 387 1595 435; x_wconf 89' lang='lat' dir='ltr'><strong>solum</strong></span> 
     </span>
     <span class='ocr_line' id='line_1_5' title="bbox 242 470 1591 534; baseline -0.001 -17"><span class='ocrx_word' id='word_1_13' title='bbox 242 470 473 534; x_wconf 64' lang='lat' dir='ltr'><strong>long-&#39;iores</strong></span> <span class='ocrx_word' id='word_1_14' title='bbox 492 471 838 532; x_wconf 78' lang='lat' dir='ltr'><strong>disputationes,</strong></span> <span class='ocrx_word' id='word_1_15' title='bbox 855 470 1106 521; x_wconf 34' lang='lat' dir='ltr'><strong>‘sedfetiam</strong></span> <span class='ocrx_word' id='word_1_16' title='bbox 1127 470 1313 531; x_wconf 82' lang='lat' dir='ltr'><strong>scripta,</strong></span> <span class='ocrx_word' id='word_1_17' title='bbox 1335 485 1454 530; x_wconf 88' lang='lat' dir='ltr'><strong>quae</strong></span> <span class='ocrx_word' id='word_1_18' title='bbox 1475 484 1591 531; x_wconf 86' lang='lat' dir='ltr'><strong>pro-</strong></span> 
     </span>
     <span class='ocr_line' id='line_1_6' title="bbox 241 550 1586 611; baseline -0.001 -15"><span class='ocrx_word' id='word_1_19' title='bbox 241 551 344 611; x_wconf 89' lang='lat' dir='ltr'><strong>prie</strong></span> <span class='ocrx_word' id='word_1_20' title='bbox 376 552 439 597; x_wconf 88' lang='lat' dir='ltr'><strong>ita</strong></span> <span class='ocrx_word' id='word_1_21' title='bbox 465 558 698 610; x_wconf 82' lang='lat' dir='ltr'><strong>vocantur,</strong></span> <span class='ocrx_word' id='word_1_22' title='bbox 725 553 889 599; x_wconf 82' lang='lat' dir='ltr'><strong>Latine</strong></span> <span class='ocrx_word' id='word_1_23' title='bbox 919 552 1138 598; x_wconf 78' lang='lat' dir='ltr'><strong>vertenda</strong></span> <span class='ocrx_word' id='word_1_24' title='bbox 1164 550 1361 611; x_wconf 86' lang='lat' dir='ltr'><strong>proponi</strong></span> <span class='ocrx_word' id='word_1_25' title='bbox 1395 552 1586 608; x_wconf 84' lang='lat' dir='ltr'><strong>soleant,</strong></span> 
     </span>
     <span class='ocr_line' id='line_1_7' title="bbox 241 631 1591 693; baseline -0.002 -16"><span class='ocrx_word' id='word_1_26' title='bbox 241 631 307 678; x_wconf 84' lang='lat' dir='ltr'><strong>sic</strong></span> <span class='ocrx_word' id='word_1_27' title='bbox 339 632 425 679; x_wconf 88' lang='lat' dir='ltr'><strong>has</strong></span> <span class='ocrx_word' id='word_1_28' title='bbox 449 633 596 680; x_wconf 68' lang='lat' dir='ltr'><strong>«etiam</strong></span> <span class='ocrx_word' id='word_1_29' title='bbox 633 635 946 693; x_wconf 80' lang='lat' dir='ltr'><strong>exemplorum</strong></span> <span class='ocrx_word' id='word_1_30' title='bbox 980 632 1256 683; x_wconf 78' lang='lat' dir='ltr'><strong>imitationes</strong></span> <span class='ocrx_word' id='word_1_31' title='bbox 1280 644 1451 690; x_wconf 82' lang='lat' dir='ltr'><strong>magno</strong></span> <span class='ocrx_word' id='word_1_32' title='bbox 1487 644 1591 675; x_wconf 88' lang='lat' dir='ltr'><strong>cum</strong></span> 
     </span>
     <span class='ocr_line' id='line_1_8' title="bbox 241 710 1590 772; baseline -0.001 -17"><span class='ocrx_word' id='word_1_33' title='bbox 241 710 393 757; x_wconf 66' lang='lat' dir='ltr'><strong>fructu</strong></span> <span class='ocrx_word' id='word_1_34' title='bbox 426 712 493 756; x_wconf 88' lang='lat' dir='ltr'><strong>ita</strong></span> <span class='ocrx_word' id='word_1_35' title='bbox 525 712 848 760; x_wconf 87' lang='lat' dir='ltr'><strong>continuandas</strong></span> <span class='ocrx_word' id='word_1_36' title='bbox 876 727 1051 771; x_wconf 87' lang='lat' dir='ltr'><strong>censeo,</strong></span> <span class='ocrx_word' id='word_1_37' title='bbox 1087 712 1156 757; x_wconf 91' lang='lat' dir='ltr'><strong>uti</strong></span> <span class='ocrx_word' id='word_1_38' title='bbox 1184 710 1376 772; x_wconf 84' lang='lat' dir='ltr'><strong>singulis</strong></span> <span class='ocrx_word' id='word_1_39' title='bbox 1409 723 1590 769; x_wconf 84' lang='lat' dir='ltr'><strong>semper</strong></span> 
     </span>
     <span class='ocr_line' id='line_1_9' title="bbox 239 790 1590 854; baseline -0.003 -17"><span class='ocrx_word' id='word_1_40' title='bbox 239 792 422 851; x_wconf 89' lang='lat' dir='ltr'><strong>scriptis</strong></span> <span class='ocrx_word' id='word_1_41' title='bbox 466 792 647 852; x_wconf 85' lang='lat' dir='ltr'><strong>singula</strong></span> <span class='ocrx_word' id='word_1_42' title='bbox 692 794 943 854; x_wconf 87' lang='lat' dir='ltr'><strong>figurarum</strong></span> <span class='ocrx_word' id='word_1_43' title='bbox 989 793 1199 853; x_wconf 86' lang='lat' dir='ltr'><strong>exempla</strong></span> <span class='ocrx_word' id='word_1_44' title='bbox 1243 790 1590 851; x_wconf 85' lang='lat' dir='ltr'><strong>subiungantur.</strong></span> 
     </span>
     <span class='ocr_line' id='line_1_10' title="bbox 238 870 1591 934; baseline -0.001 -18"><span class='ocrx_word' id='word_1_45' title='bbox 238 870 382 916; x_wconf 88' lang='lat' dir='ltr'><strong>Velut</strong></span> <span class='ocrx_word' id='word_1_46' title='bbox 417 871 534 915; x_wconf 90' lang='lat' dir='ltr'><strong>enim</strong></span> <span class='ocrx_word' id='word_1_47' title='bbox 572 872 651 930; x_wconf 91' lang='lat' dir='ltr'><strong>qui</strong></span> <span class='ocrx_word' id='word_1_48' title='bbox 687 873 897 918; x_wconf 88' lang='lat' dir='ltr'><strong>cantandi</strong></span> <span class='ocrx_word' id='word_1_49' title='bbox 929 880 1073 919; x_wconf 88' lang='lat' dir='ltr'><strong>artem</strong></span> <span class='ocrx_word' id='word_1_50' title='bbox 1105 873 1393 934; x_wconf 85' lang='lat' dir='ltr'><strong>profitentur,</strong></span> <span class='ocrx_word' id='word_1_51' title='bbox 1430 884 1591 916; x_wconf 81' lang='lat' dir='ltr'><strong>vocem</strong></span> 
     </span>
     <span class='ocr_line' id='line_1_11' title="bbox 239 950 1591 1011; baseline -0.001 -15"><span class='ocrx_word' id='word_1_52' title='bbox 239 965 453 996; x_wconf 90' lang='lat' dir='ltr'><strong>sonorum</strong></span> <span class='ocrx_word' id='word_1_53' title='bbox 478 950 699 995; x_wconf 86' lang='lat' dir='ltr'><strong>varietate</strong></span> <span class='ocrx_word' id='word_1_54' title='bbox 720 953 851 1010; x_wconf 87' lang='lat' dir='ltr'><strong>quasi</strong></span> <span class='ocrx_word' id='word_1_55' title='bbox 875 951 1140 1011; x_wconf 83' lang='lat' dir='ltr'><strong>dissipatam</strong></span> <span class='ocrx_word' id='word_1_56' title='bbox 1166 952 1374 1011; x_wconf 85' lang='lat' dir='ltr'><strong>quotidie</strong></span> <span class='ocrx_word' id='word_1_57' title='bbox 1396 951 1456 996; x_wconf 90' lang='lat' dir='ltr'><strong>ab</strong></span> <span class='ocrx_word' id='word_1_58' title='bbox 1466 965 1591 996; x_wconf 64' lang='lat' dir='ltr'><strong>,acu-</strong></span> 
     </span>
     <span class='ocr_line' id='line_1_12' title="bbox 238 1030 1603 1092; baseline -0.001 -17"><span class='ocrx_word' id='word_1_59' title='bbox 238 1030 412 1077; x_wconf 88' lang='lat' dir='ltr'><strong>tissimo</strong></span> <span class='ocrx_word' id='word_1_60' title='bbox 446 1045 556 1076; x_wconf 88' lang='lat' dir='ltr'><strong>sono</strong></span> <span class='ocrx_word' id='word_1_61' title='bbox 591 1045 738 1090; x_wconf 90' lang='lat' dir='ltr'><strong>usque</strong></span> <span class='ocrx_word' id='word_1_62' title='bbox 772 1031 832 1075; x_wconf 89' lang='lat' dir='ltr'><strong>ad</strong></span> <span class='ocrx_word' id='word_1_63' title='bbox 852 1031 1174 1092; x_wconf 85' lang='lat' dir='ltr'><strong>gravissimum</strong></span> <span class='ocrx_word' id='word_1_64' title='bbox 1201 1047 1361 1077; x_wconf 91' lang='lat' dir='ltr'><strong>sonum</strong></span> <span class='ocrx_word' id='word_1_65' title='bbox 1382 1031 1603 1090; x_wconf 72' lang='lat' dir='ltr'><strong>recipere-</strong></span> 
     </span>
     <span class='ocr_line' id='line_1_13' title="bbox 240 1109 1588 1172; baseline -0.001 -17"><span class='ocrx_word' id='word_1_66' title='bbox 240 1117 287 1155; x_wconf 91' lang='lat' dir='ltr'><strong>et</strong></span> <span class='ocrx_word' id='word_1_67' title='bbox 321 1111 524 1170; x_wconf 89' lang='lat' dir='ltr'><strong>quodam</strong></span> <span class='ocrx_word' id='word_1_68' title='bbox 557 1111 698 1156; x_wconf 89' lang='lat' dir='ltr'><strong>modo</strong></span> <span class='ocrx_word' id='word_1_69' title='bbox 729 1111 951 1172; x_wconf 83' lang='lat' dir='ltr'><strong>colligere</strong></span> <span class='ocrx_word' id='word_1_70' title='bbox 981 1110 1232 1170; x_wconf 86' lang='lat' dir='ltr'><strong>discipulos</strong></span> <span class='ocrx_word' id='word_1_71' title='bbox 1258 1109 1428 1166; x_wconf 87' lang='lat' dir='ltr'><strong>iubent,</strong></span> <span class='ocrx_word' id='word_1_72' title='bbox 1462 1110 1588 1155; x_wconf 88' lang='lat' dir='ltr'><strong>simi—</strong></span> 
     </span>
     <span class='ocr_line' id='line_1_14' title="bbox 237 1191 1589 1251; baseline -0.001 -16"><span class='ocrx_word' id='word_1_73' title='bbox 237 1191 344 1235; x_wconf 90' lang='lat' dir='ltr'><strong>liter</strong></span> <span class='ocrx_word' id='word_1_74' title='bbox 371 1207 452 1237; x_wconf 89' lang='lat' dir='ltr'><strong>nos</strong></span> <span class='ocrx_word' id='word_1_75' title='bbox 481 1206 732 1251; x_wconf 86' lang='lat' dir='ltr'><strong>puerorum</strong></span> <span class='ocrx_word' id='word_1_76' title='bbox 759 1192 1017 1236; x_wconf 59' lang='lat' dir='ltr'><strong>,orationem</strong></span> <span class='ocrx_word' id='word_1_77' title='bbox 1047 1191 1415 1236; x_wconf 85' lang='lat' dir='ltr'><strong>dissertationum</strong></span> <span class='ocrx_word' id='word_1_78' title='bbox 1444 1198 1589 1234; x_wconf 90' lang='lat' dir='ltr'><strong>teme-—</strong></span> 
     </span>
     <span class='ocr_line' id='line_1_15' title="bbox 236 1270 1587 1332; baseline 0 -18"><span class='ocrx_word' id='word_1_79' title='bbox 236 1271 373 1315; x_wconf 88' lang='lat' dir='ltr'><strong>ritate</strong></span> <span class='ocrx_word' id='word_1_80' title='bbox 407 1270 596 1316; x_wconf 88' lang='lat' dir='ltr'><strong>effusam</strong></span> <span class='ocrx_word' id='word_1_81' title='bbox 625 1271 717 1317; x_wconf 91' lang='lat' dir='ltr'><strong>hac</strong></span> <span class='ocrx_word' id='word_1_82' title='bbox 752 1272 1064 1331; x_wconf 83' lang='lat' dir='ltr'><strong>exemplorum</strong></span> <span class='ocrx_word' id='word_1_83' title='bbox 1101 1271 1265 1332; x_wconf 86' lang='lat' dir='ltr'><strong>regula</strong></span> <span class='ocrx_word' id='word_1_84' title='bbox 1294 1285 1587 1330; x_wconf 83' lang='lat' dir='ltr'><strong>compescen—</strong></span> 
     </span>
     <span class='ocr_line' id='line_1_16' title="bbox 238 1349 628 1396; baseline 0.003 -2"><span class='ocrx_word' id='word_1_85' title='bbox 238 1349 345 1394; x_wconf 86' lang='lat' dir='ltr'><strong>dam</strong></span> <span class='ocrx_word' id='word_1_86' title='bbox 372 1351 628 1396; x_wconf 88' lang='lat' dir='ltr'><strong>suademus.</strong></span> 
     </span>
    </p>

    <p class='ocr_par' dir='ltr' id='par_1_5' title="bbox 229 1429 1642 2845">
     <span class='ocr_line' id='line_1_17' title="bbox 337 1429 1586 1490; baseline -0.002 -15"><span class='ocrx_word' id='word_1_87' title='bbox 337 1431 494 1489; x_wconf 85' lang='lat' dir='ltr'><strong>Atque</strong></span> <span class='ocrx_word' id='word_1_88' title='bbox 550 1430 727 1490; x_wconf 88' lang='lat' dir='ltr'><strong>primae</strong></span> <span class='ocrx_word' id='word_1_89' title='bbox 778 1430 968 1489; x_wconf 89' lang='lat' dir='ltr'><strong>quidem</strong></span> <span class='ocrx_word' id='word_1_90' title='bbox 1019 1430 1151 1475; x_wconf 89' lang='lat' dir='ltr'><strong>classi</strong></span> <span class='ocrx_word' id='word_1_91' title='bbox 1195 1445 1283 1474; x_wconf 90' lang='lat' dir='ltr'><strong>non</strong></span> <span class='ocrx_word' id='word_1_92' title='bbox 1331 1430 1481 1473; x_wconf 88' lang='lat' dir='ltr'><strong>solum</strong></span> <span class='ocrx_word' id='word_1_93' title='bbox 1526 1429 1586 1472; x_wconf 88' lang='lat' dir='ltr'><strong>ad</strong></span> 
     </span>
     <span class='ocr_line' id='line_1_18' title="bbox 237 1509 1585 1569; baseline -0.001 -15"><span class='ocrx_word' id='word_1_94' title='bbox 237 1509 444 1569; x_wconf 85' lang='lat' dir='ltr'><strong>exempla</strong></span> <span class='ocrx_word' id='word_1_95' title='bbox 491 1509 711 1555; x_wconf 78' lang='lat' dir='ltr'><strong>imitanda</strong></span> <span class='ocrx_word' id='word_1_96' title='bbox 755 1510 880 1555; x_wconf 90' lang='lat' dir='ltr'><strong>hunc</strong></span> <span class='ocrx_word' id='word_1_97' title='bbox 929 1509 1099 1554; x_wconf 88' lang='lat' dir='ltr'><strong>librum</strong></span> <span class='ocrx_word' id='word_1_98' title='bbox 1151 1509 1436 1569; x_wconf 85' lang='lat' dir='ltr'><strong>aptissimum</strong></span> <span class='ocrx_word' id='word_1_99' title='bbox 1488 1523 1585 1553; x_wconf 89' lang='lat' dir='ltr'><strong>esse</strong></span> 
     </span>
     <span class='ocr_line' id='line_1_19' title="bbox 235 1589 1584 1649; baseline -0.001 -16"><span class='ocrx_word' id='word_1_100' title='bbox 235 1603 375 1648; x_wconf 90' lang='lat' dir='ltr'><strong>supra</strong></span> <span class='ocrx_word' id='word_1_101' title='bbox 400 1589 663 1647; x_wconf 88' lang='lat' dir='ltr'><strong>monebam,</strong></span> <span class='ocrx_word' id='word_1_102' title='bbox 712 1590 795 1635; x_wconf 89' lang='lat' dir='ltr'><strong>sed</strong></span> <span class='ocrx_word' id='word_1_103' title='bbox 830 1590 965 1634; x_wconf 89' lang='lat' dir='ltr'><strong>etiam</strong></span> <span class='ocrx_word' id='word_1_104' title='bbox 1000 1605 1137 1649; x_wconf 90' lang='lat' dir='ltr'><strong>quem</strong></span> <span class='ocrx_word' id='word_1_105' title='bbox 1171 1595 1318 1634; x_wconf 88' lang='lat' dir='ltr'><strong>totum</strong></span> <span class='ocrx_word' id='word_1_106' title='bbox 1353 1594 1584 1633; x_wconf 87' lang='lat' dir='ltr'><strong>verterent</strong></span> 
     </span>
     <span class='ocr_line' id='line_1_20' title="bbox 236 1667 1582 1729; baseline -0.003 -14"><span class='ocrx_word' id='word_1_107' title='bbox 236 1669 427 1715; x_wconf 85' lang='lat' dir='ltr'><strong>Graece.</strong></span> <span class='ocrx_word' id='word_1_108' title='bbox 496 1669 549 1714; x_wconf 87' lang='lat' dir='ltr'><strong>In</strong></span> <span class='ocrx_word' id='word_1_109' title='bbox 583 1682 676 1729; x_wconf 90' lang='lat' dir='ltr'><strong>quo</strong></span> <span class='ocrx_word' id='word_1_110' title='bbox 704 1669 820 1713; x_wconf 89' lang='lat' dir='ltr'><strong>mihi</strong></span> <span class='ocrx_word' id='word_1_111' title='bbox 854 1685 941 1714; x_wconf 92' lang='lat' dir='ltr'><strong>non</strong></span> <span class='ocrx_word' id='word_1_112' title='bbox 977 1669 1187 1713; x_wconf 87' lang='lat' dir='ltr'><strong>minimae</strong></span> <span class='ocrx_word' id='word_1_113' title='bbox 1222 1667 1582 1713; x_wconf 89' lang='lat' dir='ltr'><strong>commendatio-</strong></span> 
     </span>
     <span class='ocr_line' id='line_1_21' title="bbox 234 1748 1582 1808; baseline -0.001 -17"><span class='ocrx_word' id='word_1_114' title='bbox 234 1748 303 1792; x_wconf 90' lang='lat' dir='ltr'><strong>nis</strong></span> <span class='ocrx_word' id='word_1_115' title='bbox 336 1748 387 1792; x_wconf 85' lang='lat' dir='ltr'><strong>id</strong></span> <span class='ocrx_word' id='word_1_116' title='bbox 422 1763 518 1794; x_wconf 89' lang='lat' dir='ltr'><strong>esse</strong></span> <span class='ocrx_word' id='word_1_117' title='bbox 550 1749 753 1805; x_wconf 84' lang='lat' dir='ltr'><strong>videtur,</strong></span> <span class='ocrx_word' id='word_1_118' title='bbox 799 1748 926 1807; x_wconf 88' lang='lat' dir='ltr'><strong>quod</strong></span> <span class='ocrx_word' id='word_1_119' title='bbox 962 1749 1198 1806; x_wconf 88' lang='lat' dir='ltr'><strong>utriusque</strong></span> <span class='ocrx_word' id='word_1_120' title='bbox 1231 1748 1417 1808; x_wconf 85' lang='lat' dir='ltr'><strong>linguae</strong></span> <span class='ocrx_word' id='word_1_121' title='bbox 1453 1762 1582 1790; x_wconf 84' lang='lat' dir='ltr'><strong>exer-</strong></span> 
     </span>
     <span class='ocr_line' id='line_1_22' title="bbox 235 1825 1583 1886; baseline -0.001 -15"><span class='ocrx_word' id='word_1_122' title='bbox 235 1826 523 1873; x_wconf 84' lang='lat' dir='ltr'><strong>citationibus</strong></span> <span class='ocrx_word' id='word_1_123' title='bbox 554 1842 668 1873; x_wconf 92' lang='lat' dir='ltr'><strong>unus</strong></span> <span class='ocrx_word' id='word_1_124' title='bbox 702 1828 767 1873; x_wconf 87' lang='lat' dir='ltr'><strong>sic</strong></span> <span class='ocrx_word' id='word_1_125' title='bbox 800 1828 920 1872; x_wconf 89' lang='lat' dir='ltr'><strong>liber</strong></span> <span class='ocrx_word' id='word_1_126' title='bbox 954 1827 1188 1881; x_wconf 81' lang='lat' dir='ltr'><strong>inserviet3</strong></span> <span class='ocrx_word' id='word_1_127' title='bbox 1239 1842 1387 1885; x_wconf 91' lang='lat' dir='ltr'><strong>neque</strong></span> <span class='ocrx_word' id='word_1_128' title='bbox 1421 1826 1472 1883; x_wconf 86' lang='lat' dir='ltr'><strong>is,</strong></span> <span class='ocrx_word' id='word_1_129' title='bbox 1508 1825 1583 1886; x_wconf 86' lang='lat' dir='ltr'><strong>(ut</strong></span> 
     </span>
     <span class='ocr_line' id='line_1_23' title="bbox 235 1906 1585 1968; baseline -0.001 -17"><span class='ocrx_word' id='word_1_130' title='bbox 235 1922 372 1966; x_wconf 91' lang='lat' dir='ltr'><strong>quem</strong></span> <span class='ocrx_word' id='word_1_131' title='bbox 388 1922 477 1951; x_wconf 91' lang='lat' dir='ltr'><strong>non</strong></span> <span class='ocrx_word' id='word_1_132' title='bbox 493 1908 706 1968; x_wconf 88' lang='lat' dir='ltr'><strong>legendo,</strong></span> <span class='ocrx_word' id='word_1_133' title='bbox 732 1908 814 1952; x_wconf 91' lang='lat' dir='ltr'><strong>sed</strong></span> <span class='ocrx_word' id='word_1_134' title='bbox 839 1907 1059 1952; x_wconf 90' lang='lat' dir='ltr'><strong>imitando</strong></span> <span class='ocrx_word' id='word_1_135' title='bbox 1083 1906 1342 1966; x_wconf 83' lang='lat' dir='ltr'><strong>triverunt‚)</strong></span> <span class='ocrx_word' id='word_1_136' title='bbox 1369 1906 1585 1951; x_wconf 89' lang='lat' dir='ltr'><strong>diuturna</strong></span> 
     </span>
     <span class='ocr_line' id='line_1_24' title="bbox 233 1987 1583 2047; baseline 0 -16"><span class='ocrx_word' id='word_1_137' title='bbox 233 1988 503 2033; x_wconf 85' lang='lat' dir='ltr'><strong>tractatione</strong></span> <span class='ocrx_word' id='word_1_138' title='bbox 550 1987 780 2034; x_wconf 87' lang='lat' dir='ltr'><strong>fastiditus</strong></span> <span class='ocrx_word' id='word_1_139' title='bbox 828 1994 874 2032; x_wconf 92' lang='lat' dir='ltr'><strong>et</strong></span> <span class='ocrx_word' id='word_1_140' title='bbox 920 1994 1123 2047; x_wconf 86' lang='lat' dir='ltr'><strong>spretus,</strong></span> <span class='ocrx_word' id='word_1_141' title='bbox 1171 1987 1254 2032; x_wconf 92' lang='lat' dir='ltr'><strong>sed</strong></span> <span class='ocrx_word' id='word_1_142' title='bbox 1301 1987 1348 2031; x_wconf 90' lang='lat' dir='ltr'><strong>in</strong></span> <span class='ocrx_word' id='word_1_143' title='bbox 1395 1987 1583 2032; x_wconf 91' lang='lat' dir='ltr'><strong>consilio</strong></span> 
     </span>
     <span class='ocr_line' id='line_1_25' title="bbox 232 2065 1583 2127; baseline -0.001 -16"><span class='ocrx_word' id='word_1_144' title='bbox 232 2082 351 2112; x_wconf 86' lang='lat' dir='ltr'><strong>novo</strong></span> <span class='ocrx_word' id='word_1_145' title='bbox 384 2081 529 2113; x_wconf 89' lang='lat' dir='ltr'><strong>novus</strong></span> <span class='ocrx_word' id='word_1_146' title='bbox 563 2067 764 2127; x_wconf 89' lang='lat' dir='ltr'><strong>quodam</strong></span> <span class='ocrx_word' id='word_1_147' title='bbox 798 2067 937 2113; x_wconf 91' lang='lat' dir='ltr'><strong>modo</strong></span> <span class='ocrx_word' id='word_1_148' title='bbox 970 2074 1109 2127; x_wconf 91' lang='lat' dir='ltr'><strong>atque</strong></span> <span class='ocrx_word' id='word_1_149' title='bbox 1134 2067 1341 2112; x_wconf 90' lang='lat' dir='ltr'><strong>intactus.</strong></span> <span class='ocrx_word' id='word_1_150' title='bbox 1402 2065 1583 2112; x_wconf 88' lang='lat' dir='ltr'><strong>Deinde</strong></span> 
     </span>
     <span class='ocr_line' id='line_1_26' title="bbox 233 2135 1584 2206; baseline 0.001 -18"><span class='ocrx_word' id='word_1_151' title='bbox 233 2160 340 2190; x_wconf 90' lang='lat' dir='ltr'><strong>vero</strong></span> <span class='ocrx_word' id='word_1_152' title='bbox 376 2153 592 2205; x_wconf 89' lang='lat' dir='ltr'><strong>quantam</strong></span> <span class='ocrx_word' id='word_1_153' title='bbox 620 2148 866 2192; x_wconf 89' lang='lat' dir='ltr'><strong>utilitatem</strong></span> <span class='ocrx_word' id='word_1_154' title='bbox 896 2147 1070 2204; x_wconf 81' lang='lat' dir='ltr'><strong>afferat,</strong></span> <span class='ocrx_word' id='word_1_155' title='bbox 1107 2153 1348 2205; x_wconf 90' lang='lat' dir='ltr'><strong>utramque</strong></span> <span class='ocrx_word' id='word_1_156' title='bbox 1379 2135 1584 2206; x_wconf 80' lang='lat' dir='ltr'><strong>linguam</strong></span> 
     </span>
     <span class='ocr_line' id='line_1_27' title="bbox 232 2225 1583 2288; baseline 0.001 -20"><span class='ocrx_word' id='word_1_157' title='bbox 232 2225 607 2284; x_wconf 86' lang='lat' dir='ltr'><strong>interpretatione</strong></span> <span class='ocrx_word' id='word_1_158' title='bbox 642 2227 931 2284; x_wconf 85' lang='lat' dir='ltr'><strong>contendere,</strong></span> <span class='ocrx_word' id='word_1_159' title='bbox 967 2242 1100 2271; x_wconf 91' lang='lat' dir='ltr'><strong>nemo</strong></span> <span class='ocrx_word' id='word_1_160' title='bbox 1135 2227 1344 2288; x_wconf 79' lang='lat' dir='ltr'><strong>ignorat3</strong></span> <span class='ocrx_word' id='word_1_161' title='bbox 1379 2225 1461 2271; x_wconf 86' lang='lat' dir='ltr'><strong>sed</strong></span> <span class='ocrx_word' id='word_1_162' title='bbox 1495 2241 1583 2270; x_wconf 90' lang='lat' dir='ltr'><strong>non</strong></span> 
     </span>
     <span class='ocr_line' id='line_1_28' title="bbox 231 2304 1582 2366; baseline 0 -19"><span class='ocrx_word' id='word_1_163' title='bbox 231 2304 377 2349; x_wconf 83' lang='lat' dir='ltr'><strong>minus</strong></span> <span class='ocrx_word' id='word_1_164' title='bbox 412 2305 623 2364; x_wconf 88' lang='lat' dir='ltr'><strong>plerique</strong></span> <span class='ocrx_word' id='word_1_165' title='bbox 657 2313 903 2362; x_wconf 88' lang='lat' dir='ltr'><strong>noverunt,</strong></span> <span class='ocrx_word' id='word_1_166' title='bbox 952 2307 1125 2366; x_wconf 87' lang='lat' dir='ltr'><strong>eligere</strong></span> <span class='ocrx_word' id='word_1_167' title='bbox 1172 2307 1418 2366; x_wconf 89' lang='lat' dir='ltr'><strong>scriptores</strong></span> <span class='ocrx_word' id='word_1_168' title='bbox 1452 2306 1582 2350; x_wconf 91' lang='lat' dir='ltr'><strong>Lati-</strong></span> 
     </span>
     <span class='ocr_line' id='line_1_29' title="bbox 231 2384 1579 2445; baseline -0.001 -17"><span class='ocrx_word' id='word_1_169' title='bbox 231 2399 325 2441; x_wconf 84' lang='lat' dir='ltr'><strong>nos,</strong></span> <span class='ocrx_word' id='word_1_170' title='bbox 360 2399 474 2443; x_wconf 88' lang='lat' dir='ltr'><strong>quos</strong></span> <span class='ocrx_word' id='word_1_171' title='bbox 509 2385 689 2429; x_wconf 86' lang='lat' dir='ltr'><strong>Graece</strong></span> <span class='ocrx_word' id='word_1_172' title='bbox 721 2385 936 2445; x_wconf 89' lang='lat' dir='ltr'><strong>discipuli</strong></span> <span class='ocrx_word' id='word_1_173' title='bbox 964 2391 1155 2443; x_wconf 77' lang='lat' dir='ltr'><strong>vertant,</strong></span> <span class='ocrx_word' id='word_1_174' title='bbox 1191 2401 1328 2445; x_wconf 89' lang='lat' dir='ltr'><strong>quam</strong></span> <span class='ocrx_word' id='word_1_175' title='bbox 1362 2386 1421 2430; x_wconf 89' lang='lat' dir='ltr'><strong>sit</strong></span> <span class='ocrx_word' id='word_1_176' title='bbox 1454 2384 1579 2428; x_wconf 86' lang='lat' dir='ltr'><strong>diffi-</strong></span> 
     </span>
     <span class='ocr_line' id='line_1_30' title="bbox 232 2464 1582 2532; baseline -0.001 -23"><span class='ocrx_word' id='word_1_177' title='bbox 232 2464 320 2509; x_wconf 89' lang='lat' dir='ltr'><strong>cile</strong></span> <span class='ocrx_word' id='word_1_178' title='bbox 356 2471 401 2508; x_wconf 91' lang='lat' dir='ltr'><strong>et</strong></span> <span class='ocrx_word' id='word_1_179' title='bbox 436 2479 612 2523; x_wconf 89' lang='lat' dir='ltr'><strong>anceps.</strong></span> <span class='ocrx_word' id='word_1_180' title='bbox 676 2465 821 2523; x_wconf 87' lang='lat' dir='ltr'><strong>Atqui</strong></span> <span class='ocrx_word' id='word_1_181' title='bbox 855 2465 901 2508; x_wconf 92' lang='lat' dir='ltr'><strong>in</strong></span> <span class='ocrx_word' id='word_1_182' title='bbox 936 2465 1030 2510; x_wconf 91' lang='lat' dir='ltr'><strong>hoc</strong></span> <span class='ocrx_word' id='word_1_183' title='bbox 1064 2466 1288 2525; x_wconf 86' lang='lat' dir='ltr'><strong>scriptore</strong></span> <span class='ocrx_word' id='word_1_184' title='bbox 1324 2471 1369 2508; x_wconf 86' lang='lat' dir='ltr'><strong>et</strong></span> <span class='ocrx_word' id='word_1_185' title='bbox 1403 2471 1582 2532; x_wconf 64' lang='lat' dir='ltr'><strong>sqrvata</strong></span> 
     </span>
     <span class='ocr_line' id='line_1_31' title="bbox 230 2543 1577 2602; baseline 0 -15"><span class='ocrx_word' id='word_1_186' title='bbox 230 2543 373 2588; x_wconf 85' lang='lat' dir='ltr'><strong>omnis</strong></span> <span class='ocrx_word' id='word_1_187' title='bbox 413 2544 585 2589; x_wconf 90' lang='lat' dir='ltr'><strong>utilitas</strong></span> <span class='ocrx_word' id='word_1_188' title='bbox 621 2551 712 2602; x_wconf 83' lang='lat' dir='ltr'><strong>est,</strong></span> <span class='ocrx_word' id='word_1_189' title='bbox 762 2551 808 2589; x_wconf 92' lang='lat' dir='ltr'><strong>et</strong></span> <span class='ocrx_word' id='word_1_190' title='bbox 844 2544 1040 2589; x_wconf 88' lang='lat' dir='ltr'><strong>evitatae</strong></span> <span class='ocrx_word' id='word_1_191' title='bbox 1073 2546 1237 2590; x_wconf 90' lang='lat' dir='ltr'><strong>nimiae</strong></span> <span class='ocrx_word' id='word_1_192' title='bbox 1266 2543 1577 2589; x_wconf 87' lang='lat' dir='ltr'><strong>difficultates.</strong></span> 
     </span>
     <span class='ocr_line' id='line_1_32' title="bbox 229 2607 1642 2684; baseline 0.001 -16"><span class='ocrx_word' id='word_1_193' title='bbox 229 2624 349 2669; x_wconf 90' lang='lat' dir='ltr'><strong>Nam</strong></span> <span class='ocrx_word' id='word_1_194' title='bbox 382 2624 582 2684; x_wconf 85' lang='lat' dir='ltr'><strong>primum</strong></span> <span class='ocrx_word' id='word_1_195' title='bbox 615 2640 704 2669; x_wconf 92' lang='lat' dir='ltr'><strong>non</strong></span> <span class='ocrx_word' id='word_1_196' title='bbox 739 2625 1046 2670; x_wconf 86' lang='lat' dir='ltr'><strong>continuatam</strong></span> <span class='ocrx_word' id='word_1_197' title='bbox 1084 2625 1163 2671; x_wconf 91' lang='lat' dir='ltr'><strong>hic</strong></span> <span class='ocrx_word' id='word_1_198' title='bbox 1205 2623 1440 2684; x_wconf 88' lang='lat' dir='ltr'><strong>quandam</strong></span> <span class='ocrx_word' id='word_1_199' title='bbox 1479 2639 1583 2669; x_wconf 90' lang='lat' dir='ltr'><strong>ora-</strong></span> <span class='ocrx_word' id='word_1_200' title='bbox 1636 2607 1642 2612; x_wconf 41' lang='lat'><strong><em>¹</em></strong></span> 
     </span>
     <span class='ocr_line' id='line_1_33' title="bbox 229 2704 1584 2765; baseline 0 -18"><span class='ocrx_word' id='word_1_201' title='bbox 229 2704 399 2749; x_wconf 90' lang='lat' dir='ltr'><strong>tionem</strong></span> <span class='ocrx_word' id='word_1_202' title='bbox 434 2705 607 2750; x_wconf 88' lang='lat' dir='ltr'><strong>Latinis</strong></span> <span class='ocrx_word' id='word_1_203' title='bbox 641 2705 877 2765; x_wconf 87' lang='lat' dir='ltr'><strong>particulis</strong></span> <span class='ocrx_word' id='word_1_204' title='bbox 906 2705 1104 2751; x_wconf 84' lang='lat' dir='ltr'><strong>vinctam</strong></span> <span class='ocrx_word' id='word_1_205' title='bbox 1135 2713 1183 2749; x_wconf 90' lang='lat' dir='ltr'><strong>et</strong></span> <span class='ocrx_word' id='word_1_206' title='bbox 1210 2705 1458 2750; x_wconf 85' lang='lat' dir='ltr'><strong>verborum</strong></span> <span class='ocrx_word' id='word_1_207' title='bbox 1485 2719 1584 2748; x_wconf 84' lang='lat' dir='ltr'><strong>am-</strong></span> 
     </span>
     <span class='ocr_line' id='line_1_34' title="bbox 230 2782 1580 2845; baseline 0.001 -19"><span class='ocrx_word' id='word_1_208' title='bbox 230 2782 428 2845; x_wconf 85' lang='lat' dir='ltr'><strong>bagibus</strong></span> <span class='ocrx_word' id='word_1_209' title='bbox 464 2792 715 2830; x_wconf 89' lang='lat' dir='ltr'><strong>tumentem</strong></span> <span class='ocrx_word' id='word_1_210' title='bbox 749 2786 997 2840; x_wconf 80' lang='lat' dir='ltr'><strong>habemus3</strong></span> <span class='ocrx_word' id='word_1_211' title='bbox 1043 2786 1127 2831; x_wconf 86' lang='lat' dir='ltr'><strong>sed</strong></span> <span class='ocrx_word' id='word_1_212' title='bbox 1172 2786 1384 2842; x_wconf 77' lang='lat' dir='ltr'><strong>brevem,</strong></span> <span class='ocrx_word' id='word_1_213' title='bbox 1429 2784 1580 2830; x_wconf 89' lang='lat' dir='ltr'><strong>conci—</strong></span> 
     </span>
    </p>
   </div>
  </div>
 </body>
</html>
