1793 3207
901 188 947 217 VI

265 351 427 404 lebam,
460 350 640 391 secutus
674 356 797 389 sum:
833 340 903 387 Ut
939 346 986 385 et
1017 338 1113 395 illi,
1146 337 1227 397 qui
1259 339 1434 386 omissis
1465 354 1603 400 prae-

266 433 499 486 ceptorum
532 423 714 468 dictatis
747 420 837 479 ipsi
871 420 932 465 ad
961 419 1124 464 Latine
1153 417 1446 463 scribendum
1474 435 1605 466 acce—

264 508 446 563 derent,
478 504 595 550 haec
630 501 841 559 exempla
874 499 1115 554 haberent,
1150 512 1269 557 quae
1299 498 1465 543 imitati
1499 515 1607 545 con·
1654 568 1661 572 N

262 586 493 630 firmarent
524 580 733 643 gradum,
781 586 827 622 et
862 584 914 623 ut
948 579 1003 634 ii,
1045 578 1125 637 qui
1158 577 1204 621 in
1238 577 1384 622 literis
1419 578 1609 624 Graecis

262 663 478 724 prudenti
518 660 704 706 consilio
749 658 926 717 stylum
973 662 1259 714 exercerent,
1307 672 1410 702 cum
1443 658 1611 703 Rutilii

265 743 544 788 definitiones
573 741 839 800 figurarum,
874 744 976 782 tum
998 743 1233 783 oratorum
1264 740 1473 798 exempla
1501 738 1611 783 red-

266 823 423 867 derent
455 818 829 877 interpretatione
864 818 1100 862 Graeciae.
1116 817 1161 876 *)

361 899 520 957 Neque
550 897 671 941 enim
697 912 815 942 unus
843 896 961 942 mihi
991 896 1162 942 vidisse
1185 896 1361 953 videor,
1393 902 1613 955 quantum

262 977 470 1037 plerique
498 976 747 1021 moliantur
778 983 825 1020 et
851 976 972 1037 ringi
993 976 1126 1036 pueri
1149 975 1337 1033 soleant,
1370 975 1449 1035 qui
1472 990 1615 1035 quum

264 1058 455 1103 aliorum
500 1058 771 1114 sententias,
816 1056 970 1102 verbis
1018 1056 1155 1101 etiam
1200 1056 1392 1101 fortasse
1439 1062 1614 1099 tantum

264 1152 353 1181 non
385 1135 593 1182 omnibus
628 1135 998 1192 subministratis,
1032 1135 1196 1181 Latine
1220 1142 1401 1180 vertere
1426 1149 1616 1180 consue-

265 1232 393 1273 vere,
438 1217 530 1261 iam
576 1232 658 1262 sua
702 1217 793 1276 ipsi
833 1231 963 1261 sensa
997 1214 1161 1260 Latine
1203 1216 1358 1274 eloqui
1391 1214 1616 1259 iubentur.

264 1295 424 1354 Itaque
455 1310 575 1354 quae
603 1311 744 1356 aegre
773 1295 1109 1354 excogitavere,
1146 1309 1286 1355 aegre
1314 1294 1619 1353 undequaque

267 1374 423 1433 petitis
465 1375 619 1422 verbis
665 1375 823 1434 aliquo
868 1374 1010 1419 modo
1050 1374 1119 1417 illi
1154 1373 1343 1432 quidem
1377 1380 1620 1433 promunt3

271 1467 429 1497 verum
463 1454 577 1512 quid
610 1454 781 1498 munda
810 1453 986 1497 formae
1013 1452 1245 1509 honestas,
1280 1452 1394 1511 quid
1418 1453 1621 1512 prudens

273 1531 514 1577 verborum
546 1533 767 1591 delectus,
802 1533 917 1592 quid
948 1533 1163 1577 conclusa
1189 1532 1404 1577 orationis
1430 1547 1622 1591 compo-

272 1610 376 1654 sitio
409 1612 604 1672 flagitet,
639 1613 772 1657 unice
803 1613 952 1657 securi
989 1618 1069 1656 aut
1096 1612 1350 1657 inconsulti.
1421 1611 1622 1671 Quippe,

278 1703 333 1733 ex
368 1698 559 1751 angusto
596 1692 872 1737 dictatorum
905 1692 1056 1751 spatio
1085 1692 1131 1735 in
1161 1691 1441 1735 liberrimam
1467 1691 1623 1735 inven-

277 1768 410 1814 tionis
440 1771 703 1816 infinitatem
734 1778 923 1831 repente
954 1771 1117 1828 emissi,
1153 1786 1367 1832 magnam
1398 1776 1443 1814 et
1472 1785 1625 1814 rerum

282 1854 328 1889 et
360 1849 604 1894 verborum
646 1853 816 1901 molem
860 1851 1074 1911 digerere
1117 1857 1256 1909 atque
1297 1856 1496 1894 tractare
1538 1865 1627 1894 non

299 2028 313 2040 ,
338 1999 372 2040 ’)
398 1999 632 2044 Quamquam
666 2002 726 2034 vel
758 2003 833 2035 ista
863 2002 1091 2046 Figuratum
1123 2001 1243 2042 ratio,
1280 2012 1389 2045 quam
1413 2002 1629 2037 Ruhnkenii

398 2058 513 2097 aetas,
539 2060 580 2089 ut
597 2068 690 2099 quae
710 2057 869 2100 primum
890 2057 1068 2102 frigidam
1084 2056 1177 2091 artis
1193 2056 1402 2092 rhetoricae
1419 2058 1631 2094 ariditatem

397 2111 564 2147 aversari
589 2112 787 2156 coepisset,
809 2124 922 2158 paene
942 2114 1148 2158 spernebat,
1171 2113 1283 2147 hodie
1298 2118 1432 2158 tamen,
1458 2115 1523 2150 ubi
1539 2116 1630 2150 sub-

397 2166 485 2201 tilia
515 2167 708 2203 rhetorum
738 2174 931 2215 praecepta
960 2169 1072 2204 nimis
1096 2181 1139 2203 ex
1163 2171 1453 2207 adolescentium
1477 2172 1631 2208 institu-

399 2223 501 2259 tione
525 2230 779 2268 recesserunt,
803 2226 886 2271 ipsa
908 2226 1020 2260 etiam
1045 2226 1187 2271 aliquid
1211 2229 1538 2264 commendationis
1561 2230 1632 2265 lm-

397 2279 507 2321 beat3
540 2291 612 2314 non
637 2282 733 2325 quod
757 2293 800 2315 ex
824 2282 1047 2327 fragmentis
1072 2282 1132 2316 his
1158 2283 1303 2327 paucis,
1326 2296 1445 2329 neque
1467 2284 1632 2319 lectissi-

396 2346 479 2369 mas
504 2347 648 2380 semper
672 2338 851 2381 mnplexis
876 2339 1030 2383 figuras,
1054 2339 1137 2383 ipsa
1159 2351 1202 2374 ea
1225 2351 1286 2374 ars
1301 2341 1422 2385 possit
1438 2340 1633 2386 cognosci3

399 2391 463 2424 sed
489 2391 577 2436 quia
600 2397 773 2427 avocatos
803 2395 849 2428 ab
873 2394 935 2428 his
959 2396 1071 2429 rebus
1095 2396 1386 2431 adolescentium
1409 2397 1553 2432 animos
1576 2400 1635 2433 ta-

396 2458 480 2481 men
498 2450 811 2484 commonefacere
830 2450 910 2485 cius
929 2451 1021 2486 artis
1040 2452 1133 2486 utile
1152 2457 1221 2487 est.
1267 2453 1391 2497 Quam
1408 2454 1506 2488 onim
1522 2455 1637 2501 longe

398 2514 420 2536 a
442 2505 586 2539 formae
610 2517 699 2540 cura
721 2518 817 2541 nunc
840 2507 955 2542 animi
979 2509 1215 2551 abhorreant,
1239 2509 1322 2553 ipsa
1340 2505 1473 2544 harum
1493 2511 1636 2556 figura-

399 2569 480 2592 rum
499 2560 662 2596 imitatio
681 2566 803 2606 potest
818 2565 960 2599 docere.
986 2564 1179 2610 Siquidem
1200 2565 1298 2600 nihil
1310 2570 1386 2601 tam
1400 2578 1508 2612 saepe
1522 2566 1635 2600 disci-

401 2615 482 2666 puli
505 2618 675 2652 monendi
700 2623 798 2663 sunt,
824 2632 933 2665 quam
951 2633 997 2655 ne
1016 2634 1107 2664 rem,
1132 2622 1237 2656 velut
1257 2622 1295 2656 in
1313 2634 1494 2658 anancaeo
1511 2634 1637 2657 neces-

406 2668 517 2702 sitate
540 2672 722 2716 oblatam,
746 2687 831 2710 cnm
855 2677 979 2722 ligura
1002 2677 1241 2720 confundant,
1265 2689 1359 2726 quae
1381 2689 1425 2713 ea
1448 2689 1489 2712 re
1511 2689 1637 2713 neces-

405 2723 504 2765 saria
527 2726 723 2768 prudenter
746 2734 885 2766 utatur.
