1793 3207
268 213 339 262 ΒΘ
430 221 920 260 ANIMADVERSIONES
945 223 1197 263 clunem.
1220 227 1262 263 1..
1286 227 1318 271 1,
1328 226 1486 263 17-19.

381 337 509 379 xvn.
539 337 823 380 Parentltesis.
858 341 1040 394 ineptum
1035 341 1061 392 )
1099 344 1307 396 inceptum
1343 344 1394 385 Ο.
1429 355 1535 385 corr.
1571 343 1621 385 R.

269 431 324 442 --
351 405 522 447 auribus
560 407 772 458 accidere)
812 408 1013 449 accedere
1051 409 1101 450 0.
1138 411 1299 451 emend.
1338 411 1416 452 Rk.
1443 435 1501 443 —
1536 415 1623 452 tum

268 477 350 518 oris
387 476 491 516 satis
530 476 665 528 liberi)
703 476 912 517 commodi
949 479 1050 518 satis
1094 478 1215 519 liberi
1258 478 1304 519 L.
1343 479 1445 519 liber
1482 480 1623 531 ceteri,

264 545 373 587 male
409 541 680 599 cor‘rigentes.
718 544 954 597 vehemens,
995 551 1035 587 et
1070 548 1113 587 in
1140 549 1243 602 reip.
1273 547 1495 588 commodis
1523 551 1622 591 satas

266 614 370 656 liber
400 615 505 656 coni.
537 615 578 655 S.
636 613 726 668 Ego
756 616 916 667 quoties
945 629 1036 657 com
1075 620 1120 657 et
1155 621 1243 657 tum
1271 615 1623 658 confunderentur

264 697 449 733 memor,
490 685 533 723 et
570 684 656 723 oris
693 683 927 723 libertatem
955 685 1130 737 flagitari
1157 685 1200 725 in
1228 685 1303 724 hac
1329 684 1532 726 sententia
1559 687 1622 726 in-

266 753 484 806 mingens,
540 752 701 791 correxi
730 754 775 790 ut
804 751 940 800 vides,
981 755 1045 792 est
1079 758 1215 793 autem
1253 757 1340 794 tum
1368 756 1443 794 καῖ
1473 750 1538 808 δή.
1566 776 1624 784 --

275 820 455 861 Via-dum
484 818 721 869 audieram)
749 818 919 859 vixdum
949 831 1027 858 om.
1062 820 1110 859 0.
1141 821 1231 874 Ego
1260 821 1443 861 haustam
1462 835 1485 861 a
1502 834 1622 874 prae-

266 889 445 930 cedente
474 885 655 927 eiusdem
684 886 836 926 addidi.
853 909 909 916 —
938 901 1032 928 cum
1059 889 1217 938 statim)
1247 890 1307 930 sic
1335 890 1413 930 iam
1444 891 1623 947 correxit

265 957 340 1005 R.;
371 956 502 996 ceteri
532 959 632 995 tum.
688 955 789 995 Cum
818 978 875 985 --
904 956 1133 1005 audieram,
1164 962 1252 998 tum
1280 981 1336 988 —-
1356 959 1453 1010 feci
1476 959 1622 999 suade-

265 1025 337 1066 bat
365 1023 445 1064 Rk.
481 1045 539 1053 -—
598 1025 819 1064 certiorem
838 1019 960 1082 feci)
1000 1039 1035 1066 c.
1053 1026 1163 1079 fieri
1188 1025 1239 1067 V.
1276 1049 1334 1056 —
1390 1028 1435 1066 in
1471 1027 1620 1080 templo

265 1087 459 1148 gestum)
489 1096 552 1132 est
579 1091 692 1132 addit
719 1091 761 1131 S.

379 1159 532 1203 XV111.
562 1160 796 1202 Merismos.
826 1162 954 1201 virilis
980 1165 1159 1203 naturae
1178 1157 1391 1219 membra)
1421 1162 1480 1202 sic
1508 1163 1621 1211 1ihri;

267 1229 395 1269 verba
431 1242 468 1268 v.
508 1241 551 1266 n.
590 1231 784 1280 tanquam
823 1228 1023 1281 glossema
1060 1231 1175 1269 uncis
1209 1230 1371 1270 inclusit
1409 1229 1509 1280 Rk„
1547 1242 1623 1283 ego

266 1297 388 1351 plane
416 1294 571 1337 induxi.
600 1318 658 1325 —
694 1294 978 1354 Aristotelis.)
1015 1297 1197 1338 Miretur
1225 1298 1389 1350 aliquis,
1418 1298 1621 1339 Aristote-

265 1366 348 1405 lem
378 1364 458 1404 hoc
487 1363 652 1402 virtutis
674 1365 954 1406 testimonium
969 1366 1202 1405 Alexandro
1218 1366 1403 1405 tribuere
1422 1367 1619 1417 potuisse.

264 1432 345 1473 Rk.
374 1430 608 1486 Aristobuli
634 1444 785 1471 nomen
813 1432 1096 1473 reducendum
1115 1434 1326 1485 ingeniose
1344 1434 1493 1473 suadet
1508 1433 1622 1474 Clas-

268 1502 408 1541 senius
436 1512 573 1547 meus,
603 1511 777 1550 quocum
806 1500 880 1539 has
909 1501 1216 1541 lucubrationes
1242 1501 1370 1541 amice
1398 1502 1622 1542 communi-

267 1568 366 1609 cavi.
394 1588 452 1597 —-
480 1563 738 1622 benignitas)
767 1566 949 1621 dignitas
979 1568 1026 1608 A.
1059 1568 1108 1608 Ε.

377 1634 488 1676 ΧΙΧ.
518 1634 836 1687 Paromologia.
880 1637 1036 1688 aliquot
1073 1649 1142 1676 res
1172 1633 1444 1691 adversario)
1485 1638 1621 1690 alz'quo

267 1708 354 1745 tres
384 1703 650 1744 adversarios
690 1702 736 1741 L.
766 1702 793 1741 1.
823 1701 876 1743 V.
917 1704 1078 1756 aliquas
1113 1716 1181 1743 res
1219 1703 1482 1744 adversarios
1518 1717 1621 1745 man.

266 1784 349 1811 sec.
381 1771 428 1810 L.
458 1792 514 1800 -—
553 1770 625 1824 ⁰ff·
656 1774 730 1809 tua
758 1771 800 1809 in
837 1771 952 1810 illum
980 1768 1108 1827 non.)
1145 1771 1216 1824 ⁰ff·
1248 1776 1321 1810 tua
1348 1772 1551 1811 nonnulla
1579 1774 1622 1811 in

263 1840 381 1879 illum
410 1838 461 1877 R.
489 1859 546 1866 —-
583 1836 819 1893 exstitisse)
848 1838 915 1876 hic
945 1839 1069 1883 etiam
1097 1838 1225 1878 fuisse
1254 1839 1422 1878 verbum
1450 1839 1621 1887 finitum,

264 1907 390 1958 idque
421 1905 639 1953 excidisse;
669 1905 799 1945 velut:
831 1907 973 1958 officia
1003 1911 1076 1946 tua
1104 1907 1146 1946 in
1174 1907 1290 1945 illum
1317 1906 1519 1945 nonnulla
1548 1919 1620 1945 ex·-

266 1976 415 2013 stitisse
442 1975 601 2021 viceris,
629 1973 731 2013 mihi
761 1975 1013 2025 persuade03
1053 1987 1101 2013 ea
1130 1977 1194 2013 est
1222 1974 1263 2012 in
1293 1976 1465 2025 paritate
1495 1986 1622 2013 mem-

268 2043 440 2082 brorum
468 2040 612 2079 Rutilii
641 2042 867 2081 curiositas.
927 2041 1056 2081 Vides
1086 2045 1324 2093 praeterea,
1362 2039 1544 2080 consulto
1575 2054 1622 2081 ea

269 2109 407 2151 officia
436 2108 661 2155 extenuari,
691 2109 833 2160 officia
861 2110 904 2147 in
932 2110 1048 2149 illum
1076 2109 1288 2148 nonnulla.
1322 2121 1370 2148 eo
1385 2109 1507 2162 igitur
1524 2122 1621 2161 per-

267 2178 373 2216 tinet
402 2176 561 2215 ironice
601 2174 737 2213 addita
775 2176 1149 2227 grandiloquentia‚
1184 2178 1351 2223 viceris,-
1397 2177 1472 2216 sed
1501 2190 1620 2217 nemo

265 2247 421 2296 negat3
457 2243 485 2281 i.
517 2255 554 2281 e.
585 2242 627 2280 id
657 2254 799 2282 omues
830 2244 975 2290 sciunt,
1007 2256 1088 2282 non
1119 2244 1330 2283 commode
1359 2243 1542 2283 refertur
1570 2244 1622 2283 ad

268 2311 406 2351 officia
435 2309 630 2362 quaedam
659 2310 868 2350 hominum
898 2312 1165 2363 privatorum.
1196 2333 1252 2340 —-
1280 2313 1323 2350 in
1352 2324 1431 2364 quo
1460 2311 1621 2352 scr-Ilio

266 2376 357 2437 est)
387 2391 469 2418 scr.
499 2390 585 2417 non
624 2382 686 2419 est
721 2391 825 2418 man.
864 2391 928 2430 pr..
967 2378 1016 2418 L.
1055 2402 1111 2410 -
1168 2378 1221 2419 de
1248 2392 1338 2418 meo
1369 2374 1540 2432 officio)
1569 2379 1621 2418 de

265 2447 400 2490 medio
432 2446 504 2500 off.
533 2445 580 2486 L.
610 2445 638 2485 1.
669 2445 719 2486 R.
749 2446 798 2487 A.

377 2514 593 2568 Scripsisti
625 2537 681 2544 -
720 2511 1008 2571 afficeretur.)
1056 2513 1171 2553 Libri
1200 2525 1296 2556 *non
1342 2515 1543 2567 scripsisti
1564 2538 1620 2545 —-

266 2584 422 2634 scripsi,
452 2583 527 2624 sed
556 2584 760 2636 scripsisti
782 2595 860 2635 per
889 2582 1025 2623 omnia
1054 2581 1217 2622 habent.
1273 2581 1454 2636 Egregie
1480 2595 1620 2622 emen-.-

266 2650 378 2692 davit
405 2650 482 2689 Rk.
527 2650 611 2690 Sed
642 2664 769 2703 quum
797 2651 1121 2704 interpungeret,
1149 2650 1308 2702 scripsi,
1337 2663 1390 2690 ne
1405 2653 1482 2689 etc.
1499 2648 1619 2689 malui

265 2716 471 2765 scrihere,
494 2720 675 2771 ,εον-ἐρεῖς
711 2732 786 2768 ne,
846 2721 892 2759 ut
918 2719 1045 2772 magis
1074 2721 1315 2770 appareret,
1351 2717 1501 2769 scripsi
1525 2728 1618 2758 esse

265 2784 551 2834 concedentis,
588 2786 738 2830 deinde
776 2786 873 2830 addi
909 2798 984 2840 per
1012 2799 1066 2828 ne
1093 2785 1196 2838 legis
1226 2784 1549 2838 explicationem.
1582 2785 1617 2829 si
1649 2786 1656 2795 '

1783 703 1793 812 ξ

1781 907 1793 1133 ἔ
