1793 3207
246 218 320 270 40
410 210 902 267 mansiones
947 225 1203 265 camme,
1249 228 1295 268 1..
1314 228 1367 273 11,>
1388 227 1424 266 τ.
1446 229 1481 266 s.

249 345 420 401 legimus
448 355 576 397 aegre
604 342 952 398 expergefactum,
982 347 1174 397 tempore
1185 346 1427 396 meridiano,
1455 343 1606 387 deinde

249 412 409 455 duobus
444 411 628 453 innixum
663 416 709 453 et
744 412 1020 461 sublevatum,
1064 416 1153 455 tum
1189 415 1383 456 vestitum
1421 418 1464 457 et
1499 426 1607 455 nuno

245 480 458 523 submissis
486 480 660 534 genibus
697 481 741 521 in
769 482 997 523 triclinium
1024 485 1210 523 tractum.
1268 481 1410 535 ltaque
1447 483 1614 537 scripsi,

244 550 523 599 exsiccatum,
560 548 673 602 quod
720 551 877 604 optime
921 550 1110 592 refertur
1155 549 1333 591 udverbn
1370 552 1606 603 cupiditatis

243 619 383 673 plenu,
404 620 600 672 protinus
627 619 822 661 trahitur.
881 620 938 661 Et
974 619 1113 661 solent
1149 618 1353 673 crapulosi
1386 619 1608 661 aridissimi

244 701 353 731 esse.
385 687 505 737 udde,
535 688 650 742 quod
679 690 854 730 excitati
876 690 1063 742 proxime
1093 691 1334 742 sequuntur.
1362 710 1421 718 —
1448 701 1473 728 e
1500 700 1607 728 nau-

245 770 321 798 sea
335 778 392 788 -
408 758 597 807 excitati)
618 759 755 810 pauci
780 757 830 797 Ο.
878 756 961 797 lum
991 757 1070 797 Rk.
1101 757 1304 806 observat,
1331 757 1428 796 sutis
1455 756 1606 797 multos

245 825 427 873 affuisse,
459 829 503 864 et
532 836 684 874 vocem,
706 826 842 878 pauci
866 836 958 864 esse
988 828 1237 877 corruptum.
1267 825 1403 878 itaque
1431 823 1607 874 coniicit,

244 884 324 935 nee
344 894 496 947 pauci,
526 892 639 946 quod
669 894 864 946 languere
895 893 999 934 mihi
1028 893 1203 933 videtur.
1232 907 1256 934 e
1283 907 1466 941 nausea,
1496 893 1607 946 quod

244 973 322 1016 ego
352 960 463 1010 dedi,
494 966 615 1002 certe
646 975 696 1003 ex
725 962 939 1003 hominum
969 974 1111 1002 eorum
1140 963 1304 1015 ingenio
1334 962 1509 1015 petitum
1528 964 1607 1002 est.

358 1032 508 1070 mentis
538 1044 590 1071 ac
620 1032 787 1083 sensas)
822 1033 952 1071 menti
985 1044 1035 1071 ac
1063 1043 1187 1071 sensa
1216 1031 1262 1071 L.
1279 1031 1305 1070 Ι.
1321 1030 1373 1071 V.
1390 1030 1440 1070 R.
1468 1031 1613 1070 sensui

246 1099 297 1141 A.
336 1111 500 1142 cortex.
535 1098 577 1139 S.
616 1103 662 1140 et
698 1100 749 1139 E.
784 1122 842 1130 -
891 1100 1054 1154 poculis
1091 1099 1317 1140 extrudere
1353 1097 1607 1149 merae-ibus)

247 1172 357 1208 extr.
389 1181 443 1208 ea·
472 1181 524 1209 ea
555 1168 605 1208 0.
637 1169 748 1220 quod
779 1168 820 1208 S.
852 1168 1024 1218 delevit,
1060 1169 1176 1222 prob.
1209 1168 1310 1218 Rk.‚
1340 1168 1440 1208 mihi
1468 1179 1607 1207 mera-
1688 1184 1695 1187 ·

247 1235 361 1277 cibus
389 1235 519 1275 latere
548 1236 590 1274 in
620 1236 720 1276 vitio
750 1235 977 1277 videbatur.
1014 1259 1072 1267 —-
1109 1236 1279 1277 bibendo
1302 1249 1499 1290 prowm,
1543 1235 1607 1274 la·-

245 1304 388 1354 cesst't)
416 1302 533 1343 addit
561 1302 629 1343 S.:
659 1308 702 1343 et
730 1317 802 1344 eos
830 1304 907 1344 bib.
932 1318 1127 1358 prowm,
1165 1309 1209 1345 et
1234 1306 1410 1345 lacesset.
1438 1307 1611 1344 revocat

242 1372 271 1412 l.
302 1394 358 1403 --
396 1373 452 1418 si,
490 1375 539 1410 at
571 1373 614 1410 in
651 1371 827 1413 hostiam
857 1373 1046 1425 praelio)
1085 1374 1189 1412 sicat
1226 1372 1275 1412 0.
1315 1384 1393 1425 ego
1432 1371 1606 1411 correxi.

244 1439 426 1482 fortasse
454 1442 542 1479 erut
569 1439 803 1481 addendum
831 1440 1100 1490 correctioni,
1137 1442 1180 1480 in
1209 1440 1401 1480 hesterno
1424 1441 1605 1493 praelio.

245 1507 328 1549 Bk.
359 1507 534 1547 coniicit.
564 1509 670 1548 sicat
697 1511 740 1548 in
767 1508 929 1562 praelio
960 1508 1135 1549 hostiam
1163 1521 1287 1561 qaam
1309 1509 1530 1562 plurimos.
1550 1531 1606 1539 —-

245 1576 461 1629 superarit
485 1580 610 1629 atque
639 1577 863 1630 afflixerit)
900 1582 1125 1630 superarat
1158 1582 1282 1630 atque
1309 1577 1530 1629 asflirerat
1556 1577 1607 1616 Ο.

246 1645 357 1699 quod
397 1643 553 1685 frustra
592 1643 824 1685 defendere
860 1644 939 1685 Rk.
976 1648 1160 1696 conatur.
1199 1645 1377 1685 correxit
1412 1644 1478 1694 S.‚
1537 1644 1607 1696 qui

245 1717 380 1754 totum
408 1714 546 1754 locum
575 1713 633 1753 ito
663 1712 799 1753 dedit:
822 1713 1001 1766 perinde
1030 1727 1081 1754 ac
1109 1716 1150 1753 si
1172 1715 1214 1754 in
1243 1713 1418 1754 hostium
1439 1713 1605 1766 praelio

244 1795 370 1835 quam
391 1782 455 1834 pl.
486 1783 701 1834 superarit
727 1786 851 1834 atque
880 1781 1015 1831 asflioe.

357 1849 483 1892 st'nzal
510 1854 551 1889 et
578 1849 737 1889 illuvies
767 1850 897 1901 turpis
895 1851 919 1899 )
949 1849 1074 1888 simul
1099 1852 1143 1888 et
1168 1848 1272 1888 illud
1287 1852 1446 1901 tempus
1461 1847 1510 1887 Ο.
1530 1858 1607 1900 ego

243 1918 420 1959 correxi.
439 1940 496 1957 -‚-
519 1918 704 1971 potatio)
715 1918 834 1970 potio
853 1916 970 1964 libri3
1000 1929 1158 1956 correx.
1175 1918 1216 1956 S.
1232 1938 1285 1947 --
1316 1917 1423 1955 alius
1441 1916 1606 1964 som-no)

245 1984 364 2025 aliud
392 1985 438 2025 L.
470 1983 523 2026 V.
561 1987 719 2028 somnio
752 1985 801 2029 R.
832 2007 888 2015 —·
937 1984 1096 2024 domim·
1129 1983 1411 2031 interdictum)
1441 1982 1608 2022 domum

245 2052 295 2092 L.
327 2052 377 2091 R.
407 2051 572 2091 domam
600 2052 862 2098 interdictam
892 2053 921 2091 l.
938 2052 990 2091 V.
1007 2053 1055 2091 A.
1086 2064 1245 2091 correx.
1267 2050 1318 2091 V.
1338 2050 1383 2089 D.
1415 2050 1456 2089 in
1480 2063 1606 2103 marg.

243 2119 296 2161 R.
336 2120 508 2159 Interea
536 2120 685 2171 alium)
722 2122 818 2159 item
848 2120 902 2159 al.
941 2120 967 2159 l.
999 2119 1051 2159 V.
1080 2120 1128 2159 A.
1167 2120 1275 2158 inter
1313 2119 1439 2158 alium
1479 2118 1525 2158 1..
1557 2117 1605 2158 R.

245 2186 330 2247 (m.
361 2201 443 2229 sec.
474 2187 521 2227 L.
552 2185 679 2242 item)
708 2189 872 2228 interim
901 2188 956 2227 al.
986 2187 1036 2227 E.
1074 2200 1152 2240 ego
1181 2187 1267 2227 veri
1297 2187 1466 2240 vestigio
1496 2187 1607 2238 opti-

244 2269 314 2296 me
343 2268 531 2301 servasse
560 2255 606 2296 L.
636 2261 771 2304 ratus,
802 2256 964 2295 correxi
993 2257 1165 2303 interea,
1193 2259 1241 2294 ut
1271 2255 1398 2296 aliam
1427 2254 1608 2306 particu-

244 2324 309 2365 lae
348 2324 683 2367 terminationem
719 2324 917 2365 hauserit.
949 2346 1005 2354 -——
1050 2323 1333 2373 vacillantem)
1362 2323 1608 2363 vacillanter

243 2393 292 2433 L.
321 2393 349 2432 1.
387 2391 439 2432 V.

358 2459 466 2501 Vlll.
498 2460 798 2513 Brachylogia.
838 2459 1096 2513 Brachyapa
1123 2458 1170 2498 L.
1200 2458 1228 2498 l.
1259 2456 1312 2498 V.
1341 2456 1609 2510 Brachyepia

243 2527 295 2568 R.
326 2529 615 2582 Brachylogia
645 2529 695 2569 A.
725 2528 775 2568 Ε.
814 2532 856 2568 et
891 2529 947 2568 ita
987 2541 1037 2568 ex
1073 2526 1236 2567 Rutilio
1274 2527 1375 2565 citat
1411 2524 1607 2576 Quinctil.

245 2595 316 2644 lx,
342 2597 384 2636 3.
416 2597 495 2637 Rk.
539 2597 731 2648 Quaeres
764 2595 813 2635 O.
854 2597 983 2648 Atqui
1012 2608 1102 2635 rem
1131 2606 1213 2636 non
1241 2593 1356 2647 fingi,
1386 2593 1461 2633 sed
1490 2604 1609 2645 prae·

244 2666 408 2704 sentem
437 2666 522 2717 ogi,
564 2666 700 2705 omnia
729 2667 951 2711 testantur;
979 2665 1119 2716 itaque
1148 2662 1316 2714 scripsi,
1346 2661 1525 2715 quaeris.
1554 2683 1608 2689 —

243 2744 327 2785 qao
357 2732 450 2771 iure
477 2755 533 2763 --
560 2735 778 2774 veritatem
806 2731 1069 2786 sequantur.)
1106 2730 1220 2770 Haec
1248 2730 1292 2770 in
1320 2729 1437 2769 libris
1465 2727 1521 2766 ita
1548 2726 1609 2767 le-

244 2803 425 2854 guntur:
471 2798 659 2851 Quaeres
687 2815 717 2846 a
743 2814 831 2849 me,
865 2813 946 2854 quo
971 2801 1066 2841 iare
1096 2796 1280 2843 obtinere
1311 2796 1490 2851 pom'm,
1529 2808 1608 2849 quo
