1793 3207
245 234 317 299 48
408 239 900 281 ANfflADVERsmUES
925 241 1179 282 camum.
1225 235 1475 287 n.11‚9.1a.'

248 359 301 400 Ο.
331 369 411 410 ego·
434 355 694 410 interposui3
724 355 879 411 duplici
906 356 1110 398 adiectivo
1130 361 1388 413 respondent
1404 362 1609 416 proxima:

248 429 376 468 bonus
406 429 451 466 et
477 425 669 475 clemens,
697 438 815 467 more
844 426 1009 476 Rutilii;
1038 428 1177 481 itaque
1197 430 1328 471 nolim.
1343 443 1482 473 vocem
1512 430 1610 471 bar-

245 497 350 536 bara
378 494 580 536 inducere
606 507 701 536 cum
730 494 833 546 Rk.;
861 509 995 550 neque
1013 500 1129 538 recte
1147 496 1295 550 aliquis
1313 500 1610 551 suspicabitur:

244 565 358 619 quod
386 563 554 619 Scytha,
583 569 720 606 matre
749 564 933 607 barbara
960 570 1110 614 natu&-
1149 579 1241 616 nam
1276 567 1313 608 si
1349 566 1504 619 Scytha
1534 569 1611 610 viri

245 647 398 675 nomen
425 637 556 683 esset,
585 634 757 687 propius
793 633 1040 675 admovisset
1066 639 1234 675 natum:
1263 633 1440 688 Scytha,
1476 642 1612 678 matre

245 707 372 744 natas
418 702 613 743 barbara.
654 706 873 756 praeterea
910 703 1077 744 obstant
1123 704 1434 756 praecedentia,
1476 709 1612 746 matre

248 772 405 827 Scytha
417 777 574 812 natam.
592 794 650 801 -—-
677 771 808 811 bonus
837 775 880 811 et
907 770 979 827 cl.)
998 784 1130 811 novas
1144 776 1187 812 et
1197 773 1248 811 cl.
1266 771 1385 813 V.—
1413 770 1610 829 evaserit)

249 846 445 883 evaserat
476 840 525 879 R.

359 906 569 961 severam)
597 921 741 948 severe
769 907 812 947 S.
832 930 891 937 —-
927 921 1139 961 nunquam
1152 931 1207 938 —
1222 907 1464 963 habeamus)
1492 920 1612 959 nam·

246 992 326 1032 que
354 999 422 1022 --,
448 976 644 1018 habemus
674 976 724 1017 Ο.
763 976 924 1017 emend.
965 976 1040 1017 Rk.
1071 981 1290 1031 praeterea
1319 976 1522 1019 eiusmodi
1545 977 1611 1028 R„

248 1046 359 1099 quod
395 1046 566 1086 assumit
605 1046 706 1094 Rk.,
743 1050 884 1087 contra
922 1045 1065 1086 Rutilii
1101 1059 1280 1095 morem,
1338 1047 1409 1098 qui
1445 1059 1612 1099 semper

249 1115 487 1156 huiusmodi
494 1129 508 1162 ‚·
548 1114 603 1155 cf.
633 1114 683 1155 ad
714 1113 749 1165 1,
780 1115 847 1154 16.
905 1115 989 1155 Sed
1020 1115 1198 1156 nondum
1227 1117 1487 1168 pei-sanatum
1518 1127 1611 1156 esse

249 1186 401 1233 locum,
433 1185 468 1224 si
497 1185 594 1236 quid
624 1183 733 1223 aliud
764 1187 919 1223 certum
951 1188 1028 1224 est.
1085 1184 1188 1224 Nam
1225 1184 1336 1224 vides
1366 1183 1610 1224 Demosthe-

251 1266 346 1293 nem
387 1253 598 1292 commum'
631 1252 819 1304 opinioni
850 1265 943 1291 cam
981 1254 1144 1292 ratione
1183 1251 1404 1292 adversari
1436 1251 1533 1292 inde
1561 1251 1610 1293 ab

249 1321 391 1379 initio:
420 1320 481 1358 At
511 1332 589 1372 ego
623 1323 699 1358 etc.
762 1320 854 1370 Quo
884 1320 1009 1372 igitur
1039 1321 1225 1371 pertinet
1253 1320 1379 1359 altera
1395 1319 1446 1360 ab
1466 1318 1611 1360 eadem

248 1400 426 1442 persona
459 1399 604 1427 exorsa
644 1386 892 1427 adversatio:
951 1387 1048 1440 Ego
1096 1391 1251 1427 contra·
1279 1389 1388 1428 etc?
1426 1392 1469 1428 ct
1508 1400 1611 1440 quae

249 1459 373 1511 plane
402 1456 513 1497 idem
543 1456 681 1508 ponit,
720 1455 830 1508 quod
860 1460 1055 1508 posuerat
1084 1456 1230 1508 prior?
1268 1456 1328 1495 Ac
1357 1456 1610 1509 simplicissi-

252 1539 363 1565 mum
392 1525 503 1565 foret
533 1528 737 1572 statuere,
780 1537 854 1564 nos
890 1524 958 1563 hic
997 1525 1182 1576 exempla
1211 1523 1365 1564 habere
1396 1524 1476 1564 duo
1507 1524 1609 1565 divi-

253 1594 387 1633 denda
418 1607 494 1645 per
523 1598 607 1633 aut.
638 1595 801 1645 signnm
830 1593 1014 1632 malitiae
1043 1592 1216 1633 vitietur.
1256 1594 1362 1633 Aut:
1393 1594 1490 1646 Ego
1510 1606 1609 1633 con-

252 1667 319 1701 tra
350 1661 451 1700 deos
481 1664 557 1700 etc.
597 1660 680 1700 Sed
718 1673 769 1699 ne
799 1672 919 1711 quem
950 1674 998 1700 ea
1027 1661 1264 1713 simplicitas
1285 1661 1474 1712 decipiat.
1505 1661 1610 1700 Nam

253 1730 351 1782 quid
381 1729 577 1769 attinebat
607 1729 688 1770 duo
717 1728 901 1781 exempla
930 1729 1164 1780 protulisse,
1192 1729 1249 1768 ita
1269 1728 1486 1778 simifia‚ut
1501 1729 1612 1769 nulia

250 1799 293 1838 in
323 1811 370 1837 re
402 1798 631 1837 distarent?
662 1796 833 1844 Deinde,
866 1796 977 1848 quod
1009 1796 1135 1836 maius
1166 1800 1255 1843 est,
1286 1797 1381 1847 quid
1411 1796 1609 1837 faciemus

251 1867 439 1920 exemplo
477 1865 719 1906 dimidiato?
778 1864 856 1905 Hic
894 1865 1003 1905 enim
1033 1864 1135 1905 nihil
1162 1864 1476 1914 adversannis,
1506 1865 1610 1906 nihil

251 1937 444 1984 rationis,
484 1948 624 1974 merae
661 1938 757 1974 sunt
785 1946 956 1986 preces,
997 1946 1096 1986 quas
1133 1934 1263 1985 quivis
1292 1932 1449 1974 fundat.
1507 1934 1611 1975 Nam

254 2004 383 2044 civem
412 2005 454 2043 in
485 2017 625 2044 omnes
657 2008 807 2056 partes
845 2001 1137 2043 inexorabilem
1176 2002 1307 2054 quivis
1346 2001 1606 2054 deprecetur.

254 2071 401 2111 Potius
433 2072 753 2119 Demosthenes,
791 2078 1008 2122 postquam
1048 2074 1193 2108 contra
1229 2081 1484 2108 communem
1523 2082 1611 2109 om-

252 2139 368 2179 nium
398 2139 631 2191 opinionem
659 2140 917 2178 sever-itatem
939 2138 1167 2190 exagitavit,
1196 2137 1396 2177 eiusmodi
1417 2138 1610 2191 precibus

253 2208 482 2247 orationem
513 2220 603 2246 eam
641 2208 863 2258 ancipitem
901 2205 1085 2244 stabilire
1120 2206 1269 2245 callide
1306 2206 1469 2254 studet,
1509 2217 1613 2258 quas

254 2289 396 2315 omncs
426 2274 610 2315 exaudiri
649 2275 787 2314 veiint.
848 2274 924 2313 Est
960 2274 1083 2326 igitur
1118 2273 1221 2313 haec
1260 2274 1454 2314 orationis
1490 2286 1611 2327 prae·-

251 2344 435 2384 cedentis
452 2356 546 2395 pars
563 2343 804 2391 necessaria,
837 2341 910 2382 sed
939 2342 995 2381 ita
1009 2341 1274 2393 corrigenda:
1304 2342 1425 2395 Ergo
1440 2347 1611 2382 cunctos

249 2413 368 2454 Deos
389 2425 548 2466 precor
578 2415 655 2452 etc.
694 2416 884 2462 cunctos,
911 2413 1003 2456 τοῖς
1031 2409 1158 2456 θεοῖς
1185 2409 1304 2450 πᾶσι
1334 2412 1409 2451 καὶ
1438 2405 1611 2457 πάσαις

252 2476 456 2535 εὔχομαι.

363 2551 415 2591 Χ.
444 2550 623 2603 Aporz'a.
664 2545 869 2603 dicamus)
908 2547 1079 2588 tacemus
1108 2547 1159 2588 0.
1195 2560 1304 2588 corr.
1333 2546 1397 2597 S.,
1457 2547 1610 2588 frustra

252 2618 460 2658 obnitente
488 2618 567 2658 Rk.
584 2640 642 2647 -
660 2619 786 2667 flecti
809 2621 849 2656 te
872 2614 1017 2670 posse)
1048 2620 1088 2656 te
1117 2628 1196 2655 om.
1229 2615 1279 2656 0.
1309 2628 1385 2668 ego
1426 2615 1609 2668 apposni.

249 2685 356 2729 Nam
385 2699 476 2728 non.
494 2690 668 2739 possunt
699 2686 934 2739 desperare,
963 2698 1009 2725 se
1037 2687 1147 2738 ipsos
1175 2696 1298 2738 posse
1316 2685 1449 2732 flecti3
1478 2686 1523 2724 et
1541 2694 1609 2723 se·-

251 2755 440 2806 quentia‚
468 2759 554 2794 tua
573 2755 766 2806 facultas
794 2767 872 2794 nos
900 2753 1076 2807 affligit,
1104 2756 1248 2805 aperte
1273 2754 1517 2799 monstrant,
1556 2750 1610 2791 ad

251 2835 375 2876 quem
391 2822 522 2873 flecti
543 2823 764 2875 pertineat.
776 2841 835 2854 —-
863 2821 1018 2863 acerba
1034 2834 1086 2863 ac
1105 2822 1283 2863 ηἰπείωι
1304 2825 1379 2861 ωσι
1396 2816 1609 2873 facultas)

1543 2898 1611 2939 Sic
