1793 3207
468 191 956 231 Ammnvmsromzs
990 194 1254 232 emnem.
1468 188 1535 236 21
1560 197 1563 199 ’

186 309 317 352 virum
361 311 753 362 praestantissimum
791 312 1126 365 interpolatorem
1155 315 1268 354 recte
1298 310 1532 365 deprehen-

186 378 318 427 disse,
355 377 429 419 sed
463 378 594 420 minus
630 379 764 421 fuisse
797 385 962 421 cautum
995 381 1037 423 in
1066 380 1236 435 reliquis
1264 379 1530 422 editionibus.

183 446 288 487 Nam
314 446 357 487 in
385 448 444 499 eis
472 448 592 489 etiam
619 448 814 502 plurima,
853 462 957 502 quae
991 465 1015 490 a
1041 451 1159 491 libris
1189 450 1406 501 recedunt,
1436 462 1530 491 cor-

181 514 409 556 rectoribus
447 521 544 557 sunt
582 517 818 567 tribuenda,
865 529 946 558 uon
982 518 1189 559 codicibus
1226 518 1340 571 ipsis.
1398 518 1528 572 ldque

181 583 249 624 vel
277 596 355 624 uua
380 584 502 624 huius
519 584 615 624 libri
643 585 868 639 inscriptio,
897 599 1019 638 quam
1049 600 1099 627 ex
1126 587 1290 638 ingenio
1320 585 1372 625 R.
1399 586 1527 635 fiuxit,

179 654 344 705 poterat
370 651 648 704 comprobare.
704 652 901 693 Novimus
928 657 1067 694 autem
1096 665 1237 694 eorum
1267 652 1525 693 saeculorum

178 733 355 770 morem,
391 732 473 772 quo
510 733 584 759 sua
618 720 777 762 inventa
813 722 1025 763 venditare
1052 735 1128 775 pro
1154 722 1525 774 manuscriptorum

178 787 422 828 lectionibus
450 798 531 825 non
558 787 936 828 inhonestissimum
964 789 1189 829 videbatur.
1228 789 1373 842 Neque
1391 790 1524 828 minus

177 848 449 906 interpolatae
477 853 675 894 lectiones
704 860 821 904 sunt,
851 869 949 908 quas
975 857 1147 909 praehet
1175 857 1224 897 E.
1254 880 1311 887 —
1349 857 1444 910 lpse
1472 855 1524 896 ad

177 920 413 963 Ruhnkenii
439 924 674 972 apparatum
703 922 811 973 quod
839 923 1035 962 adderem
1063 925 1163 963 nihil
1192 925 1327 974 habui,
1356 926 1524 978 praeter

175 986 451 1042 fragmentum
479 987 644 1039 aliquod
674 988 812 1038 breve,
840 989 947 1041 quod
977 990 1039 1028 lit.
1060 991 1101 1041 f.
1129 991 1327 1043 insignivi.
1381 991 1527 1031 Caroli

178 1055 427 1110 Schoepfen'
448 1055 649 1098 industria
678 1056 721 1096 id
750 1057 960 1097 inventum
991 1061 1035 1097 et
1063 1057 1246 1097 additum
1275 1063 1340 1099 est
1360 1060 1411 1099 ad
1430 1058 1523 1099 Ad-

175 1127 407 1165 notationes
436 1125 612 1171 critebas,
643 1125 789 1177 quibus
821 1124 866 1163 C.
892 1123 1039 1165 velleii
1068 1124 1229 1164 Paterc-
1259 1125 1523 1165 historiarum

175 1193 304 1233 libros
333 1191 555 1234 emendare
584 1192 755 1232 studuit.
800 1191 1019 1244 Quedlinb.
1036 1192 1159 1233 1837.
1201 1192 1373 1246 Reperit
1388 1196 1523 1234 autem

175 1259 267 1306 ille,
303 1263 352 1299 ut
380 1258 502 1306 dicit,
541 1263 637 1299 ante
673 1271 799 1298 annos
836 1263 929 1299 octo
958 1259 1002 1298 iu
1030 1260 1280 1308 membrana,
1321 1273 1398 1313 qua
1427 1260 1523 1299 libri

175 1327 342 1384 alicuius
379 1331 661 1380 tegumentum
700 1330 791 1367 erat
828 1326 1049 1367 obductum
1088 1330 1130 1367 et
1168 1327 1321 1368 codicis
1360 1330 1519 1380 partem

175 1408 267 1436 esse
302 1394 475 1442 iudicat,
515 1395 585 1446 qui
624 1394 784 1433 saeculo
822 1408 863 1447 p.
903 1393 1003 1434 Chr.
1039 1407 1147 1435 nono
1184 1395 1420 1447 descriptus
1450 1395 1515 1434 sit.

173 1462 229 1505 Et
256 1465 319 1504 est
346 1474 443 1503 sane
469 1461 885 1515 istudfragmentum
915 1462 1013 1503 satis
1041 1462 1316 1503 memorabile.
1374 1462 1521 1515 Incipit

173 1531 281 1571 euim
309 1544 333 1569 a
359 1530 454 1570 libri
481 1530 761 1582 primicapite
791 1534 960 1582 quarto,
989 1532 1159 1583 eiusque
1188 1531 1237 1570 ab
1266 1531 1331 1569 his
1360 1530 1517 1570 verbis:

172 1611 280 1652 quae
306 1597 494 1639 videntur
530 1610 655 1637 unam
691 1599 770 1640 vim
799 1597 950 1638 habere
979 1600 1068 1648 etc.‚
1104 1601 1146 1638 et
1174 1599 1435 1641 continuatur
1464 1597 1518 1637 ad

171 1664 431 1705 Proculeiani
460 1665 634 1716 exempli
661 1664 763 1703 haec
799 1665 943 1703 verba:
979 1677 1057 1704 nec
1093 1678 1138 1704 se
1159 1667 1297 1717 patris
1324 1670 1511 1704 mortem.

171 1731 271 1774 Post
299 1745 403 1784 quae
431 1731 622 1772 librarius
650 1731 786 1773 addit:
814 1730 922 1772 Heae‘c
951 1736 1013 1772 est
1039 1734 1184 1786 ingens
1214 1733 1366 1772 lacuna
1380 1733 1423 1771 in
1441 1745 1517 1772 an-

172 1800 393 1852 tiquissimo
432 1798 558 1846 libro,
615 1800 687 1851 qui
717 1803 778 1838 est
814 1801 991 1852 scriptus
1029 1812 1140 1840 anno
1177 1799 1290 1839 urbis
1318 1800 1515 1839 milesimo

171 1867 483 1922 septuagesimo.
514 1871 711 1921 excerpta
731 1867 926 1920 palatina
954 1866 1107 1908 docent
1124 1869 1288 1920 perisse
1310 1867 1398 1908 heic
1416 1866 1515 1907 kar-

170 1948 287 1976 umce
311 1936 554 1987 figurarum
591 1934 906 1987 descrzptio‘nes:
942 1936 1209 1988 epanoz‘oseos
1248 1934 1302 1986 [f.
1340 1947 1517 1986 epanor-

170 2002 356 2055 thoseos]
391 2001 638 2055 paradz'gtos
675 2002 991 2056 [paradigmatos
1020 2015 1128 2043 corr.
1158 2001 1277 2055 Sch.]
1310 2015 1517 2055 prosopo—

164 2072 335 2124 poeiae,
371 2069 681 2122 epe'trochasmi,
723 2069 943 2118 dianoeas,
980 2070 1230 2123 symploceS‚
1262 2070 1515 2123 palillogz‘as.

169 2137 329 2179 Deinde
364 2150 388 2177 a
422 2138 568 2189 verbo,
606 2137 731 2178 de‘stet
763 2138 891 2180 altera
927 2138 1148 2191 fragmenti
1183 2150 1280 2190 pars
1318 2137 1517 2190 sequitur,

169 2217 273 2258 quae
301 2204 523 2256 palillogias
561 2209 722 2256 partem
757 2209 877 2256 atque
912 2205 1161 2245 metathesin
1190 2205 1390 2260 integram
1419 2216 1516 2244 con-

168 2272 290 2322 tinet,
318 2274 364 2310 et
390 2283 414 2310 a
441 2282 529 2320 me,
567 2271 746 2311 numeris
776 2275 911 2312 tamen
941 2271 1118 2324 capitum
1145 2271 1255 2311 haud
1285 2272 1514 2321 demutatis,

167 2353 221 2380 ne
249 2338 476 2379 numeratio
504 2350 595 2377 mea
621 2350 646 2376 a
684 2339 835 2378 ceteris
872 2338 1120 2378 editionibus
1159 2338 1435 2389 discreparet,
1470 2339 1514 2375 in

167 2406 315 2447 Rutilii
341 2404 492 2445 librum
520 2406 683 2456 recepta
711 2408 790 2444 est.
833 2405 947 2456 Quae
977 2405 1013 2444 si
1042 2406 1175 2444 omnia
1204 2409 1320 2445 recte
1347 2404 1512 2451 habent,

167 2473 436 2526 suspicionem
465 2474 758 2520 commoveant,
796 2484 849 2512 ue
878 2472 1131 2512 Proculeiani
1167 2471 1339 2523 exempli
1368 2471 1511 2511 ultima

166 2542 310 2590 verba,
340 2552 444 2592 quae
471 2539 513 2578 in
543 2539 694 2579 ceteris
722 2539 837 2579 libris
868 2539 1078 2592 leguntur,
1108 2538 1177 2578 hic
1205 2550 1303 2577 vero
1331 2538 1375 2577 in
1403 2538 1510 2578 anti-

168 2609 362 2663 quissimo
399 2606 504 2647 libro
539 2607 619 2646 iam
656 2604 836 2648 defuisse
881 2609 1119 2653 narrantur,
1167 2606 1377 2656 supposita
1416 2606 1508 2654 sint,

167 2677 229 2716 uti
255 2676 479 2718 arbitratur
506 2672 622 2722 Sch„
658 2675 702 2712 et
729 2673 790 2712 uti
818 2674 898 2712 iam
926 2676 1018 2713 ante
1044 2674 1179 2712 totum
1208 2672 1438 2725 exemplum
1466 2674 1508 2710 in

169 2745 438 2798 suspicionem
466 2744 679 2784 vocaverat
706 2740 986 2783 Ruhnkenius.
1024 2739 1110 2782 Sed
1139 2739 1265 2783 multa
1278 2744 1388 2790 sunt,
1406 2752 1510 2792 qnae
