1793 3207
338 237 824 278 ANmABVERSwNEs
849 239 1100 278 cm'rlcffl.
1126 237 1237 281 11:¹1,
1249 236 1304 272 w.
1315 236 1371 273 17.
1462 228 1536 277 58

181 360 290 400 enim
326 358 406 397 iam
442 369 520 410 per
556 366 803 399 summorum
847 357 1141 410 beneficiorum
1184 354 1532 407 consequefitiaun

182 442 232 469 ne
268 424 504 479 superbiant
550 430 882 476 commonentur3
939 425 981 465 id
1020 429 1084 466 est
1121 425 1342 478 opponitur
1375 420 1533 466 astare

180 495 336 535 meritis
371 495 580 548 superbia,
619 496 820 548 simulque
854 507 937 535 non
977 504 1071 535 esse
1108 506 1195 534 eam
1235 493 1530 533 admittendam

181 577 231 604 ex
269 564 551 617 superioribus
591 560 858 605 concluditur.
924 561 1029 612 Sed,
1067 566 1114 603 ut
1135 561 1247 610 dixi,
1268 564 1273 569 “’
1292 562 1532 614 pet-sanstus

181 633 368 673 nondum.
385 634 499 673 locus
530 640 629 681 est-3>
647 646 778 685 neque
806 632 962 685 placet:
990 630 1209 684 superbiae
1223 634 1531 670 nostraenemo

179 715 232 742 ne
259 702 464 742 stimulum
487 702 746 754 experiatur,
768 705 821 740 et
839 700 996 741 similia.
1035 700 1232 739 Fortasse
1247 703 1382 738 tamen
1396 703 1532 748 erunt,

181 772 250 822 qui
279 783 399 810 nemo
420 769 641 821 faste'dt‘um
670 771 926 821 esperz'3atur
957 769 1142 820 probent.

290 837 418 878 XVll.
442 834 683 891 Epztrope)
711 838 900 890 Epic-ope
929 836 978 875 R.
1008 858 1063 866 —-
1094 835 1147 876 de
1174 839 1318 875 nostro
1349 834 1462 883 iure)
1480 833 1533 873 de

182 905 230 945 Ο,
262 918 340 945 om.
369 905 481 944 addit
510 905 741 944 Caussinus.
770 928 826 934 -—-
854 904 1063 955 videatur)
1091 904 1253 943 vedetur
1282 903 1419 950 Libri3
1456 903 1531 942 sed

182 973 461 1012 coniunctivus
498 973 564 1012 vel
603 972 651 1012 ab
689 971 906 1012 formulam
937 972 1170 1012 iudicialem
1201 972 1357 1024 requiri
1387 984 1533 1012 neces-

181 1041 289 1080 sario
327 1040 551 1080 videbatur.
588 1062 645 1069 -—
683 1046 805 1092 atque
843 1041 914 1089 eo)
955 1045 1078 1090 alque
1110 1041 1159 1078 sei
1191 1039 1233 1077 S.
1274 1045 1397 1092 atque
1426 1039 1534 1078 adeo

182 1108 285 1147 coni.
319 1107 395 1147 Rk.
435 1119 510 1160 ego
549 1107 734 1147 similiter
773 1121 821 1146 eo
859 1106 1147 1146 adverbialiter
1182 1107 1535 1158 interpretandum

182 1178 296 1227 puto,
327 1175 399 1214 sed
428 1175 529 1214 nihil
559 1175 858 1227 corrigendum.
889 1195 944 1203 —-
974 1176 1068 1226 quin
1100 1175 1264 1213 etiamsi
1286 1174 1356 1227 sit)
1387 1176 1440 1212 sit
1453 1186 1531 1212 om.

184 1241 234 1280 E.
266 1241 313 1280 A.
344 1242 495 1282 habent
522 1244 586 1290 sit,
618 1243 692 1282 sed
722 1255 801 1283 om.
832 1244 871 1282 si
897 1242 942 1283 L.
972 1242 1020 1283 A.
1054 1240 1105 1281 V.
1137 1241 1185 1281 R.
1216 1254 1293 1295 ego
1315 1247 1537 1294 utrumque

184 1311 374 1356 assumsi;
410 1310 452 1350 S.
489 1312 688 1359 correxit,
727 1313 822 1364 quin
852 1312 974 1350 etiam
1004 1312 1043 1350 sa·
1066 1324 1216 1350 novum
1252 1312 1316 1349 sz’t.
1375 1310 1453 1349 Rk.
1483 1310 1536 1350 de

185 1376 277 1415 loco
307 1377 510 1430 desperat.
568 1378 675 1419 Mihi
704 1391 773 1417 res
803 1379 934 1418 omnis
965 1378 1150 1431 expediri
1168 1378 1342 1427 videtur,
1363 1379 1398 1417 si
1415 1379 1538 1419 rerba

186 1457 209 1484 a
236 1458 303 1484 me
331 1446 482 1496 addita,
509 1448 740 1494 instituatis,
770 1446 933 1493 nedum,
965 1450 1136 1498 propter
1165 1446 1407 1498 syllabarum
1423 1447 1537 1486 simi-

184 1512 410 1562 litudinem,
438 1517 482 1553 ut
510 1515 560 1553 fit
588 1515 628 1553 in
658 1515 722 1554 his
752 1515 886 1562 codd„
915 1515 1063 1553 omissa
1080 1515 1408 1565 interponantur.
1434 1514 1538 1554 Aliis

185 1579 362 1622 fortasse
392 1594 443 1622 ne
473 1593 522 1621 eo
551 1582 716 1634 quidem
746 1582 1022 1623 additamento
1061 1594 1165 1634 opus
1195 1595 1286 1622 esse
1315 1581 1537 1622 videbitur.

187 1649 223 1687 A
254 1649 399 1700 quibus
427 1653 561 1689 tamen
592 1650 802 1690 dissentio.
860 1650 961 1689 Nam
993 1650 1180 1701 exposuit
1208 1649 1444 1701 Hyperides
1473 1651 1538 1690 ius

187 1728 289 1756 suae
319 1730 470 1757 causae
500 1718 748 1770 legitimum‚·
778 1731 858 1757 non
888 1718 1012 1770 igitur
1041 1721 1179 1771 potest
1207 1718 1247 1756 id
1265 1729 1415 1757 novum
1435 1731 1541 1767 esse,

189 1784 299 1835 quod
329 1797 353 1823 e
382 1797 540 1823 summo
570 1786 617 1824 fit
644 1785 756 1833 iure,
797 1785 948 1824 nedum
977 1790 1024 1824 ut
1053 1797 1201 1824 novum
1231 1785 1287 1824 sit
1315 1785 1380 1833 id,
1428 1785 1540 1837 quod

191 1851 341 1891 omisso
380 1852 471 1892 iure
509 1853 707 1892 concedat
745 1853 937 1905 aequitas.
995 1853 1132 1905 Atque
1170 1855 1216 1892 ut
1254 1852 1540 1903 concedamus,

190 1931 337 1959 novum
368 1920 488 1971 plane
517 1920 667 1968 fuisse,
707 1921 817 1972 quod
856 1934 878 1961 a
915 1920 1116 1960 indicibus
1155 1921 1381 1973 impetrare
1420 1921 1545 1961 vellet

190 1987 438 2041 Hyperides,
468 2001 549 2028 non
579 1992 713 2029 tamen
743 2003 860 2039 nunc,
889 1990 958 2029 ubi
988 1990 1098 2041 quod
1129 1991 1417 2043 aequissimum
1432 1990 1545 2030 vide-

190 2061 309 2095 retur
338 2069 382 2095 se
412 2057 620 2108 postulare
649 2059 719 2105 ait,
749 2071 897 2097 novum
926 2058 968 2097 id
1000 2071 1091 2097 esse
1121 2059 1338 2105 ciamaret3
1368 2058 1428 2098 sic
1458 2059 1546 2111 qui-

192 2123 284 2163 dem
313 2125 526 2174 aequitatis
557 2129 598 2165 et
635 2127 860 2165 modestiae
900 2138 1057 2165 causam
1095 2126 1384 2177 imprudenter
1424 2127 1545 2165 omis-

191 2203 322 2246 surns.
353 2190 494 2242 ltaque
514 2196 655 2243 potest
670 2193 784 2240 illud,
806 2195 968 2233 etiamsi
991 2195 1043 2232 sit
1061 2205 1210 2232 novum
1239 2193 1545 2242 instituendum,

192 2262 351 2297 tantum
387 2258 484 2297 ideo
522 2273 614 2300 esse
643 2260 849 2309 additum,
890 2266 938 2299 ut
966 2273 1122 2300 summa
1151 2261 1329 2300 iudicum
1361 2263 1546 2312 aequita-

192 2325 246 2364 tis
274 2324 519 2364 confidentia
548 2331 861 2375 monstraretur,
893 2340 997 2380 quae
1026 2340 1079 2367 ne
1108 2340 1258 2366 novum
1290 2328 1456 2379 quidem
1483 2329 1546 2368 in-

193 2394 363 2434 stituere
401 2392 711 2441 reformidaret,
756 2394 928 2442 nedum,
978 2394 1085 2446 quod
1120 2396 1327 2434 communi
1363 2397 1545 2435 omnium

193 2462 356 2501 utilitati
386 2461 649 2512 profuturum
678 2464 753 2499 est.
781 2493 783 2495 .
810 2461 880 2500 Sic
918 2462 1085 2513 quidem
1122 2474 1201 2512 per
1228 2462 1316 2512 ipsa
1345 2475 1393 2500 ea
1421 2463 1546 2502 verba

193 2528 454 2570 callidissime
482 2527 659 2567 iudicum
689 2528 1154 2577 voluntatemveoendi,
1183 2540 1287 2579 quae
1315 2529 1357 2568 in
1386 2529 1465 2569 hac
1493 2530 1546 2570 fi-

193 2610 293 2651 gura
310 2595 492 2636 maxime
521 2595 758 2646 requiritur,
788 2599 977 2647 apertum
1007 2600 1085 2635 est.
1133 2594 1368 2636 Praeterea
1383 2598 1423 2637 si
1441 2597 1547 2638 nihil

195 2666 387 2706 omissum
418 2665 538 2712 esset,
568 2675 653 2703 non·
669 2663 769 2703 haec
784 2663 920 2713 verba,
952 2665 1074 2704 etiam
1102 2665 1220 2703 si-ait
1236 2677 1395 2706 *novum
1425 2679 1547 2719 prae-

194 2735 375 2775 misisset
395 2732 542 2778 -Ru'tiL,
570 2731 646 2770 sed
670 2737 747 2778 ven,
778 2731 949 2770 libenter
975 2731 1020 2770 id
1047 2731 1159 2783 quod
1174 2733 1358 2784 postulo,
1389 2735 1552 2773 etim·

197 2804 295 2851 etc„
351 2805 398 2841 ut
440 2804 573 2841 tamen
608 2798 905 2851 aliquo-:modo
941 2799 1001 2838 vis
1038 2799 1544 2853 novitatisffsfrangeretur.
