1793 3207
298 208 787 269 ANIMADVERSIONES
811 227 1062 266 emnem.
1095 228 1138 265 1..
1162 227 1221 271 n,
1243 225 1301 264 19.
1313 226 1372 263 ao.
1445 217 1530 267 55

174 349 432 397 liberiorem,
470 347 635 400 quaevis
662 347 808 402 pagina
835 346 967 389 docet.
994 366 1053 377 —-
1079 360 1164 388 non
1191 343 1417 387 meandum
1445 343 1527 393 est)

174 429 260 457 non
297 428 376 455 om.
418 414 468 455 0.
506 415 770 456 iniucundum
798 415 841 456 S.
878 428 963 457 non
1000 414 1224 456 meandum
1252 414 1332 455 Rk.
1388 412 1529 465 Quem

154 495 343 535 >sculum-3
372 484 610 537 negationes
639 483 891 524 accumulare
920 483 1026 525 solet
1054 482 1181 524 Rutil.
1211 505 1268 513 —-
1296 482 1401 522 Item
1416 481 1526 522 enm-

173 551 287 603 dem)
316 545 404 592 ei'ua
432 552 482 591 0.
515 552 693 592 eiusdem
722 551 934 592 Pithoeus.
990 552 1096 592 Item
1126 550 1245 592 aliud
1270 549 1452 590 eiusdem
1477 547 1523 589 S.

170 643 228 650 -
253 620 370 661 Nam
389 621 511 672 fere)
542 620 611 661 Sic
639 621 687 660 L.
717 619 768 659 R.
801 620 928 661 ceteri
947 619 1064 671 sore.

282 688 372 729 XX.
416 688 552 728 Tamis.
592 687 815 736 Dinarchi)
860 687 1048 729 Timachi
1081 687 1127 728 L.
1166 688 1193 727 l.
1231 686 1283 726 R.
1318 684 1531 726 march·

172 754 224 797 V.
255 757 304 797 A.
334 757 515 796 correxit
544 755 622 795 Rk.
653 780 709 786 —-
745 757 885 809 iuxta)
923 757 978 796 ita
1007 756 1054 796 L.
1083 756 1110 795 l.
1145 754 1195 797 V.
1237 755 1365 795 ceteri
1401 756 1522 805 iusta,

176 828 218 864 et
246 825 300 864 ita
331 824 406 864 uk.
437 836 513 876 ego
543 824 709 863 illorum
737 824 852 864 librr.
880 825 1161 864 auctoritatem
1189 821 1398 876 praefero.

253 1068 586 1111 EROTEMA.
617 1070 680 1109 Εο
699 1071 863 1119 utimur,
892 1071 963 1109 ubi
993 1068 1269 1110 exacerbando
1287 1070 1438 1123 aliquid
1456 1068 1521 1109 iu-

169 1145 424 1192 terrogamus
455 1142 498 1177 et
528 1151 720 1189 augemus
739 1139 826 1177 eius
844 1138 1046 1178 invidiam.
1076 1137 1387 1188 Demosthenis:
1409 1138 1521 1177 Itane

167 1207 281 1246 vobis
312 1208 466 1258 placet,
495 1204 795 1254 Athenienses,
832 1218 933 1259 rogo
964 1219 1058 1254 vos,
1102 1207 1232 1245 otiose
1262 1205 1453 1244 circulari
1481 1207 1523 1244 et

167 1271 364 1315 sciscitari
394 1288 417 1313 e
448 1272 630 1325 quolibet
658 1273 862 1325 proximo:
892 1273 1082 1326 »Ecquid
1104 1271 1249 1314 novi‘3«
1280 1270 1389 1324 Quid
1419 1284 1521 1313 vero

166 1343 293 1395 magis
324 1355 484 1391 novum,
515 1354 632 1393 quam
662 1341 712 1382 ab
740 1341 903 1382 homine
920 1340 1146 1382 Macedone
1177 1340 1373 1381 debellari
1388 1338 1520 1381 Grae-

166 1410 295 1450 ciam?
325 1407 466 1449 »Obiit
484 1409 694 1461 Philippus
705 1406 746 1448 ⁸3«
774 1409 867 1449 Non
882 1423 990 1449 sane.
1021 1410 1133 1449 »Sed
1147 1410 1377 1462 aegrotat&
1407 1407 1520 1459 Quid

166 1490 263 1518 vero
292 1482 426 1517 vestra
455 1476 496 1516 id
526 1477 725 1517 interest?
767 1477 861 1517 Cito
891 1478 1010 1526 enim,
1040 1478 1075 1517 si
1106 1477 1203 1529 quid
1231 1477 1329 1517 huic
1359 1476 1519 1517 accide-

164 1545 234 1592 rit,
264 1545 499 1596 Philippum
529 1545 701 1583 alterum
739 1532 977 1591 invenietis,
1015 1545 1052 1584 si
1089 1557 1218 1597 porro
1257 1548 1371 1584 tanta
1406 1556 1517 1584 rem-

164 1612 363 1665 publicam
394 1613 544 1665 geretis
574 1610 771 1653 socordia.

277 1690 455 1731 PYSM
469 1691 516 1731 A.
548 1692 637 1732 Hoc
666 1705 766 1731 vero
796 1692 855 1741 fit,
884 1705 1006 1743 quum
1035 1704 1115 1731 non
1146 1691 1411 1741 incendendi,
1441 1691 1518 1731 sed

164 1758 417 1798 deliberandi
447 1772 563 1799 causa
593 1760 743 1811 aliquid
774 1760 1038 1812 proponimus
1068 1760 1378 1812 interrogantes.
1429 1758 1516 1799 Iso-

162 1827 304 1871 cratis:
363 1826 502 1877 Itaque
541 1840 631 1865 cum
679 1828 829 1867 bellum
889 1828 969 1867 erit
1013 1827 1193 1867 barbaris
1241 1827 1515 1874 inferendum,

164 1905 338 1945 quorum
378 1895 511 1945 potius
551 1894 674 1933 decet
713 1907 805 1934 esse
844 1894 1145 1946 principatum?
1184 1907 1320 1934 nonne
1357 1907 1515 1942 eorum,

163 1961 233 2013 qui
264 1960 372 1999 bello
402 1961 616 2012 superiore
656 1963 978 2013 praeclarissime
1015 1974 1059 2001 se
1098 1963 1346 2014 gesserunt?
1376 1962 1447 2014 qui
1475 1964 1518 2002 et

161 2028 349 2081 privatim
388 2040 509 2081 saepe
547 2041 623 2082 pro
665 2029 754 2070 aliis
794 2017 1038 2070 dimicarunt
1076 2033 1120 2070 et
1156 2031 1201 2070 in
1237 2029 1518 2070 communibus

163 2096 466 2134 discriminibus
504 2098 654 2148 primas
691 2099 959 2137 meruerunt?
997 2097 1091 2136 Non
1128 2110 1292 2146 eorum,
1332 2099 1402 2148 qui
1438 2108 1517 2148 pro

163 2161 362 2202 Graeciae
392 2161 524 2203 salute
555 2177 668 2205 suam
705 2164 849 2206 urbem
893 2164 1198 2207 deseruerunt?
1235 2178 1317 2206 non
1356 2176 1514 2214 eorum,

161 2231 230 2280 qui
260 2234 304 2268 et
332 2231 428 2267 olim
458 2232 580 2270 urbes
609 2234 806 2282 plurimas
835 2232 1128 2279 condiderunt,
1165 2237 1210 2272 et
1246 2232 1410 2270 easdem
1439 2232 1514 2270 de-

159 2308 241 2335 nuo
279 2294 462 2334 maximis
502 2309 526 2334 e
564 2297 852 2338 calamitatibus
892 2298 1164 2351 eripuerunt?
1202 2299 1266 2340 An
1304 2310 1401 2339 vero
1429 2311 1513 2340 non

159 2364 411 2415 iniquissime
430 2364 648 2403 vnobiscum
678 2369 831 2416 agetur,
862 2365 930 2415 qui
959 2366 1167 2404 maximam
1197 2370 1354 2417 partem
1384 2366 1512 2404 malo-

158 2443 250 2471 rum
279 2429 588 2479 exantlavimus‚
625 2431 660 2470 si
689 2431 729 2469 in
759 2430 910 2471 iudicio
941 2431 1149 2484 dignitatis
1178 2432 1310 2473 minus
1338 2432 1510 2473 honoris

159 2500 484 2550 consequamur?
520 2501 562 2537 et
598 2499 668 2549 qui
708 2501 791 2537 tum
831 2510 908 2549 pro
938 2500 1070 2538 salute
1099 2500 1276 2539 omnium
1304 2500 1347 2539 in
1375 2501 1510 2551 prima

160 2567 245 2608 acie
274 2566 472 2614 stetimus,
501 2576 609 2604 nuuc
636 2563 736 2604 alios
766 2564 882 2616 sequi
910 2566 1131 2618 cogamur?

268 2642 729 2686 APOSTROPHE.
760 2642 851 2682 Hoc
878 2643 950 2693 fit,
979 2656 1070 2683 cum
1098 2645 1376 2685 convertimus
1414 2657 1507 2687 ora-

158 2715 309 2754 tionem
345 2712 395 2752 ad
423 2724 537 2752 reum
567 2725 589 2751 a
626 2711 783 2759 iudice,
821 2723 913 2751 cum
948 2710 1015 2751 illa
1042 2714 1197 2762 tamen,
1257 2713 1403 2765 quibus
1433 2713 1505 2753 ad-

158 2782 385 2822 versarium
413 2780 691 2832 alloquimur,
722 2777 846 2820 iudici
874 2778 1112 2833 alligentur,
1140 2780 1204 2822 uti
1226 2778 1328 2824 facit
1355 2780 1500 2822 Dinar—
