1793 3207
281 207 769 248 ANIMADVERSIONRS
792 207 1043 248 emnem.
1072 208 1117 247 11.
1140 208 1173 247 Β
1195 206 1313 246 6-8.
1402 199 1472 251 33

111 332 266 384 petent
289 326 321 367 f.
347 348 406 356 —
432 328 818 384 anuwprohatam)
845 328 1121 385 approbatam
1145 328 1200 370 0.
1227 319 1469 383 praeter-R.

116 401 159 438 et
172 397 226 444 f.;
253 394 381 448 idque
398 395 570 440 fortasse
597 398 795 440 tuendum
823 402 922 449 erat,
950 402 996 440 et
1023 397 1173 439 deinde
1201 396 1469 439 scribendum

117 463 363 518 approbare.
390 478 481 506 nam
497 467 552 508 ita
579 471 624 508 et
650 467 852 508 librorum
880 479 1103 508 consensa·
1131 466 1277 507 suadet
1303 470 1349 507 et
1375 475 1467 506 mos

116 532 260 572 Rutilii
278 533 587 575 alliterationem
615 535 799 575 studiose
827 534 1053 576 ambientis.
1083 534 1168 576 Sed
1181 534 1328 574 crebra
1340 546 1465 587 repe-

115 600 203 641 titio
232 601 408 655 syllabae
436 616 492 656 ap
529 615 647 643 aures
683 602 877 654 offendit,
914 600 1040 656 idque
1075 603 1355 644 coniecturam
1382 614 1465 654 quo

115 669 246 710 minus
274 671 515 723 reciperem,
542 683 610 710 me
638 671 821 711 retinuit.

226 759 314 800 Vn.
343 759 529 813 Epibole.
560 760 730 801 diversis
748 762 874 810 seni.)
904 761 1039 801 de'zsaetezb
1058 760 1107 801 R.
1123 761 1236 802 S.-
1265 758 1465 809 habeant)

115 826 267 866 habeat
293 826 341 866 0.
373 826 592 868 Caussinus
622 827 755 868 edidit
782 828 943 876 hahent,
971 828 1230 882 improbante
1259 827 1361 876 Rk.;
1389 826 1467 868 sed

115 895 222 934 inter
248 907 295 933 se
329 894 446 942 facit,
491 899 539 934 ut
576 895 722 947 plurali
759 908 903 936 carere
941 909 1022 936 non
1058 897 1283 949 possimus;
1326 897 1466 947 itaque

115 962 274 1012 scripsi,
305 960 495 1001 habeant.
513 983 569 990 —
596 962 760 1014 saepius
789 963 917 1013 quae)
945 965 1187 1016 saepiusque
1204 964 1250 1003 1..
1281 963 1332 1003 R.
1352 962 1465 1003 unde

122 1028 239 1080 Quae
268 1029 320 1069 ab
337 1052 393 1058 —
411 1030 654 1081 saepiusque
682 1029 724 1068 S.
755 1050 810 1058 —-·
839 1030 960 1069 unius
989 1042 1118 1082 opera
1141 1031 1254 1080 mea)
1283 1044 1377 1071 mea
1391 1043 1464 1070 un.

118 1110 181 1150 op.
213 1096 255 1135 S.
288 1119 342 1126 —
370 1110 454 1136 non
484 1098 628 1137 concz't.
660 1096 719 1146 b.)
749 1109 1040 1149 compressum,
1070 1110 1156 1136 non
1185 1110 1300 1137 conc.
1330 1098 1372 1138 S.
1400 1098 1467 1137 Ex

117 1177 197 1216 quo
225 1164 326 1204 falsa
355 1165 488 1203 oritur
516 1165 730 1214 sententia,
759 1177 877 1216 quam
906 1165 1028 1205 etiam
1057 1163 1368 1213 Ruhnkenium,
1398 1164 1468 1216 qui

115 1231 250 1271 locum
278 1232 467 1271 mutilum
496 1235 651 1279 censet,
679 1232 847 1272 latuisse
878 1232 999 1272 dicas.
1058 1232 1133 1272 Est
1170 1236 1307 1272 autem
1342 1231 1467 1272 haec:

116 1300 309 1340 Iuventus
337 1300 470 1340 omnia
499 1300 661 1353 agebat,
696 1305 744 1340 ut
773 1300 924 1340 bellum
961 1301 1204 1347 concitaret3
1241 1298 1351 1352 quod
1380 1311 1465 1340 non

116 1368 362 1407 concitatum
402 1370 484 1417 est,
520 1379 597 1420 ego
626 1380 715 1407 mea
744 1380 869 1420 opera
899 1367 1032 1407 effeci.
1091 1367 1320 1407 Commovit
1349 1366 1461 1407 viros

118 1435 258 1475 doctos
287 1435 503 1475 verborum
533 1435 635 1475 ordo
663 1435 863 1485 insolitus,
880 1435 1104 1488 simplicior
1118 1434 1306 1475 futurus:
1337 1447 1465 1487 opera

117 1507 208 1543 mea
236 1502 387 1543 bellum
417 1515 498 1542 non
527 1504 802 1543 necessarium
830 1514 911 1542 non
940 1503 1185 1543 concitatum
1221 1502 1354 1550 sciti,
1397 1502 1465 1542 vel

118 1570 265 1611 omissa
293 1570 508 1622 negatione
536 1571 801 1623 consopitum.
859 1569 920 1610 Ut
955 1573 1091 1610 autem
1128 1570 1171 1610 in
1206 1582 1291 1610 non
1326 1570 1464 1610 conci—

118 1642 249 1677 tatum
276 1637 425 1677 bellum
454 1651 573 1678 omne
590 1638 782 1677 orationis
800 1637 961 1691 pondus
979 1638 1158 1687 caderet,
1178 1637 1464 1690 praemisit.—

118 1708 160 1745 in
189 1719 345 1746 summo
376 1710 559 1760 tempore
581 1706 777 1760 pericula)
798 1706 982 1759 periculi
1012 1718 1160 1746 nomen
1188 1706 1338 1745 summi
1361 1711 1464 1745 tem-

114 1776 230 1827 poris
259 1775 432 1826 glossam
461 1788 551 1813 esse
580 1775 808 1826 suspicatur
837 1774 915 1813 Rk.
945 1796 1001 1803 —-
1028 1773 1355 1827 deprecandam)
1390 1773 1463 1813 de-

119 1840 367 1882 cernendam
397 1842 447 1881 0.
475 1843 655 1882 correxit
686 1841 782 1890 Rk.;
819 1854 963 1894 quem,
993 1841 1087 1894 quia
1114 1841 1341 1895 deprecari
1363 1852 1462 1895 pro-

120 1911 256 1963 prium
284 1910 451 1949 verbum
491 1914 558 1948 est
594 1909 704 1958 eius,
741 1909 811 1961 qui
847 1909 1165 1949 misericordiam
1203 1921 1464 1949 commovere

121 1976 284 2026 studet,
320 1979 484 2016 secutus
524 1989 632 2026 snm,
667 1990 909 2030 quamquam
946 1977 1106 2029 longius
1134 1976 1213 2017 hoc
1242 1977 1413 2017 verbnm
1441 1989 1466 2016 a

122 2045 250 2086 ductu
279 2046 490 2085 literarum
519 2044 691 2095 recedit,
720 2059 837 2098 quam
866 2058 967 2098 quae
998 2045 1066 2085 alii
1095 2046 1375 2095 coniecerunt,
1393 2044 1465 2085 de-

116 2112 367 2165 pellendam,
397 2112 714 2164 defendendam,
743 2112 1044 2153 declinandam.
1073 2136 1128 2142 —-
1157 2126 1263 2167 quae
1291 2113 1464 2152 eandem

122 2181 201 2220 vim
228 2179 370 2232 habet)
399 2180 572 2221 fortasse
599 2181 668 2223 hic
697 2182 818 2223 etiam
849 2184 936 2221 erat
965 2181 1223 2222 scribendum
1252 2181 1413 2222 hahent.

233 2269 344 2322 quod
371 2272 549 2310 omnium
578 2271 777 2321 vestrum)
815 2284 852 2323 q.
891 2270 1061 2311 dominii
1091 2272 1221 2312 vestri
1252 2271 1302 2311 Ο.
1347 2266 1464 2327 (nisi

125 2336 234 2390 quod
262 2337 397 2376 nostri
421 2333 499 2394 1..)
528 2339 707 2377 correxit
734 2337 776 2377 S.
806 2337 1004 2378 Fortasse·
1028 2339 1224 2380 tuendum
1252 2341 1389 2379 vestri.

203 2430 205 2432 ’
234 2426 342 2469 V111.
372 2426 599 2481 Epiphora.
629 2427 908 2478 inciderimus)
937 2427 1147 2469 inciderim
1176 2428 1227 2468 R.
1253 2428 1295 2468 S.
1325 2429 1463 2468 novas-

125 2497 245 2545 sime)
274 2496 329 2535 ita
357 2495 407 2535 R.
439 2496 505 2543 A.;
544 2496 671 2535 ceteri
708 2496 804 2535 libri
831 2497 1084 2536 novissimae.
1113 2519 1169 2525 —-
1190 2494 1370 2549 proinde
1398 2500 1464 2535 at-

127 2561 225 2617 que)
252 2563 311 2603 ita
338 2562 389 2603 R.
418 2562 483 2610 S.;
511 2564 641 2603 ceteri
670 2576 747 2604 om.
769 2563 959 2615 proinde.
1016 2563 1125 2603 Puto
1153 2563 1262 2603 istud
1283 2562 1465 2616 proinde

128 2643 211 2671 non
238 2642 288 2671 ex
315 2630 469 2679 codice,
500 2629 574 2670 sed
603 2643 652 2670 ex
680 2629 865 2670 Rhenani
893 2631 1054 2683 ingenio
1071 2643 1174 2671 esse.
1204 2644 1342 2684 neque
1357 2631 1465 2672 enim

128 2698 207 2740 hac
234 2697 433 2754 particula
460 2698 588 2739 utitur
615 2697 728 2747 Rut„
756 2699 830 2740 sed
853 2703 991 2752 prout.
1050 2697 1177 2753 quue
1203 2699 1274 2741 hie
1303 2710 1466 2753 quoque

131 2766 411 2810 reducendum
444 2767 634 2809 arbitror.
697 2765 892 2808 Ceterum
923 2766 1103 2820 proinde
1139 2779 1223 2809 non
1257 2768 1353 2821 poni
1388 2777 1467 2819 pro

1128 2846 1202 2889 (5)
