1793 3207
285 230 771 273 Amunvnnslorms
794 215 1050 274 onmem
1079 226 1123 272 ni
1142 231 1174 278 1,
1194 229 1312 270 s-s.
1400 213 1468 273 εἰ

126 350 306 393 Rutilius
334 349 387 391 ad
413 346 594 406 argutam
611 352 835 395 orationem
848 352 955 395 solet
966 351 1177 394 accedere.
1194 345 1471 412 ·Adde‚-quod

125 418 362 475 pervulgata
390 424 479 462 erat
504 434 552 463 ea
578 422 872 476 paronomasia,
900 434 979 476 qua
1001 422 1085 463 'i'am
1103 420 1304 463 *Fidvn‘mn
1321 416 1468 460 >Nobi-

127 489 288 538 liorem,
318 488 568 531 mobiliorem
597 489 699 532 Cato
726 489 936 539 irriserat
925 502 939 514 ··
963 488 1090 544 igitur
1117 502 1200 531 non
1215 489 1319 530 *sine
1346 490 1467 529 causa

122 567 280 611 genere
305 557 479 599 nobilem
506 560 695 610 nominat,
722 557 887 613 mgem'o
906 559 1092 609 lusurus3
1120 556 1339 612 praeterea
1355 556 1467 598 enim

124 625 298 667 nobilem
318 627 479 676 dixisse,
507 626 602 667 satis
616 630 713 668 erat.
751 626 891 681 ltaque
906 626 1229 667 emendationem
1243 624 1395 679 recepi.
1407 646 1466 654 —-

123 695 189 736 At
211 695 330 736 haim
357 717 414 725 —
436 696 710 746 wemmam.)
739 696 799 737 Ita
827 692 995 750 egregie
1022 695 1207 736 restituit
1234 694 1369 734 locum
1387 691 1465 731 Bk.

124 776 175 804 ex
190 762 348 802 Charis.
373 776 413 815 p.
428 761 510 802 251
527 766 570 802 et
582 762 682 803 aliis.
712 762 817 804 Nam
832 763 881 803 0.
899 764 1103 813 omittunt,
1130 774 1242 802 nunc
1264 764 1329 801 est
1350 751 1465 800 locus

124 829 447 876 desertissime,-
474 834 688 881 praeterea
704 831 780 871 Ad
791 831 841 872 0.
856 831 1171 871 sceleratissima
1186 830 1232 870 1..
1247 828 1344 869 scel.
1361 827 1467 867 haec
1498 828 1500 833 ’

125 910 189 950 op.
219 896 283 937 V.
304 897 418 936 locus
454 897 529 935 rel.
568 897 618 937 Ο.
646 898 769 937 etiam
806 898 1034 948 Charisius,
1063 897 1302 947 Diomedes,
1339 894 1465 936 Beda.

124 965 241 1004 lucus
271 963 459 1004 emendat
487 962 537 1003 Β.
592 964 788 1005 Fortasse
823 966 866 1005 in
896 970 1009 1005 tanto
1038 966 1236 1006 librorum
1262 977 1465 1005 consensu

124 1032 334 1080 audacius,
365 1032 457 1083 quia
484 1043 572 1081 res,
601 1031 656 1073 de
685 1044 763 1084 qua
790 1031 860 1071 hic
887 1031 1039 1084 agitur,
1076 1032 1192 1072 nobis
1220 1034 1357 1085 ignota
1384 1034 1465 1081 est,

124 1104 167 1142 et
178 1100 460 1154 paronomasia
477 1103 614 1140 tamen
643 1104 828 1140 servatur
856 1101 898 1140 in
926 1100 1105 1152 relz'gws.
1136 1104 1178 1139 et
1206 1089 1388 1157 deseritis.
1406 1120 1465 1129 -

122 1169 316 1209 nimirum
343 1180 465 1220 quom
493 1167 540 1207 L.
570 1167 597 1207 Ι.
626 1167 675 1207 F.
703 1154 754 1207 Β.
785 1180 903 1221 quem
931 1165 985 1208 V.
1015 1180 1138 1221 quam
1166 1166 1215 1207 Ε.
1230 1167 1279 1207 Α.
1308 1165 1466 1221 meaS

122 1237 315 1291 quoniam
342 1235 446 1275 coni.
476 1234 553 1276 ΒΚ.
584 1235 765 1284 honoris,
795 1237 933 1276 onerate
960 1235 1010 1276 0.
1041 1236 1200 1276 emend.
1230 1235 1308 1275 ΒΚ.

234 1302 306 1344 lv.
334 1302 643 1343 Par‘adiastole.
680 1303 786 1344 duas
820 1304 899 1343 a‘ut
922 1304 1070 1357 plures
1097 1303 1186 1356 res)
1215 1303 1363 1357 plures
1390 1305 1469 1342 aut

123 1370 229 1413 duas
264 1384 343 1411 om.
377 1384 447 1412 res
483 1371 533 1411 Ο.
560 1371 713 1424 φῖτυ-σε
748 1376 821 1412 aut
843 1371 961 1411 'duas
987 1385 1056 1412 res
1083 1372 1187 1412 coni.
1225 1370 1268 1410 S.
1297 1370 1460 1411 emend.

123 1439 164 1479 d.
192 1453 231 1479 a.
254 1438 315 1491 pl.
345 1452 414 1478 res
429 1438 520 1492 Bk.
546 1460 603 1468 —--
632 1452 737 1491 quae
764 1438 974 1494 videntur)
1001 1434 1067 1479 his
1094 1439 1230 1480 verbis
1258 1437 1403 1489 incipit
1430 1437 1462 1476 f.

123 1530 180 1537 -—-
208 1505 391 1550 distent.)
420 1505 488 1547 Sic
516 1505 567 1546 Β.
596 1505 668 1557 -F,‚
702 1506 768 1546 alii
796 1505 971 1555 destant,
1008 1506 1116 1559 quod
1150 1506 1327 1546 fortasse
1363 1504 1464 1545 refi-

123 1574 302 1615 nendum
330 1574 388 1614 ait
413 1573 516 1622 Rk.;
553 1585 630 1628 ego
668 1573 908 1615 Rhenanum
945 1577 1061 1616 recte
1096 1573 1321 1615 coniecisse
1349 1575 1463 1625 puto,

124 1646 167 1683 et
200 1642 294 1695 quia
330 1653 412 1682 non
449 1641 556 1682 solet
590 1642 777 1682 licentius
811 1641 1027 1682 indicativo
1063 1642 1123 1682 uti
1159 1643 1203 1681 in
1214 1645 1220 1675 ἱ
1240 1643 1340 1680 orat.
1380 1640 1461 1680 obl.

121 1709 315 1758 Rutilius,
344 1714 388 1749 et
417 1709 509 1761 quia
535 1709 604 1748 hic
630 1708 753 1761 plane
779 1709 829 1749 ab
860 1710 975 1749 unius
993 1701 1144 1750 iudicio
1164 1710 1292 1749 oratio
1305 1708 1463 1762 pendit,

122 1789 204 1818 non
231 1776 282 1816 ad
310 1777 443 1830 legem
473 1776 670 1829 quandam
698 1789 948 1817 communem
978 1777 1179 1826 refertur,
1207 1789 1258 1817 ex
1285 1788 1364 1827 qua
1392 1787 1462 1815 res

123 1844 280 1885 distant
310 1855 387 1896 per
423 1856 480 1883 se.
520 1843 677 1884 accedit
704 1847 918 1896 praeterea
944 1857 1072 1892 nnnc,
1112 1856 1350 1896 quamquam
1378 1855 1462 1883 non

123 1924 278 1964 magna,
307 1911 522 1950 auctoritas
550 1910 767 1963 fragmenti
794 1911 824 1951 f.
884 1911 1039 1951 distans
1067 1912 1095 1950 l.
1125 1911 1174 1950 F.
1204 1909 1257 1951 V.

232 1977 534 2031 subiungendo)
562 1977 810 2032 subiungens
835 1979 867 2019 f.
922 1978 1007 2020 Sed
1035 1983 1143 2019 amat
1171 1978 1266 2018 Rut.
1297 1977 1463 2018 Gerun-

123 2046 201 2086 dia.
237 2045 347 2086 idem
375 2045 406 2085 f.
436 2057 518 2086 non
545 2045 679 2094 Nam,
710 2046 785 2087 sed.
817 2046 970 2098 Quam,
998 2059 1080 2087 non
1110 2048 1360 2100 opinionem,
1390 2045 1465 2086 sed

122 2115 365 2154 sententiam
393 2115 472 2166 (2)
502 2126 584 2155 non
610 2127 694 2155 non
717 2116 834 2164 enim,
864 2116 937 2155 sed
964 2129 1050 2156 non
1063 2115 1171 2155 milei.
1189 2136 1245 2145 --
1272 2114 1463 2167 intelligi)

122 2181 227 2221 coni.
266 2179 366 2219 Rk.:
403 2182 665 2235 intelligenti,
696 2182 913 2235 eleganter.
939 2204 999 2211 --
1044 2181 1219 2222 Nullum
1247 2186 1308 2221 est
1336 2182 1440 2220 enim
1441 2181 1463 2230 )

121 2260 206 2288 non
234 2259 270 2287 e.
300 2247 354 2295 f.;
389 2248 499 2288 idem
536 2260 617 2288 non
648 2251 806 2302 possis,
845 2249 921 2289 sed
948 2253 1092 2302 potes,
1130 2261 1212 2289 non
1232 2251 1463 2302 proposito,

122 2314 195 2356 sed
215 2316 449 2367 postposita
476 2317 614 2354 statim
642 2320 697 2364 et,
729 2314 798 2355 Sic
825 2315 932 2355 idem
959 2315 1200 2357 huz'ztsmodi.

231 2381 328 2423 nolo
355 2386 396 2422 te
423 2383 607 2436 saepius)
637 2384 799 2423 omnino
827 2384 1098 2433 scribendum,
1126 2385 1224 2433 noli,
1240 2383 1302 2424 vel
1316 2384 1458 2423 nolito.

120 2449 200 2490 ΒΚ.
230 2449 322 2490 Non
351 2452 463 2502 puto,
492 2452 664 2502 propter
690 2451 864 2503 saepius,
892 2451 1001 2502 quod
1029 2451 1154 2504 magis
1183 2451 1270 2490 eius
1288 2453 1364 2500 est,
1390 2448 1460 2502 qui

122 2530 168 2559 se
195 2518 286 2572 ipse
315 2518 501 2570 corrigit,
537 2531 655 2570 quam
692 2518 762 2570 qui
800 2518 933 2559 alium.
961 2541 1018 2549 —
1053 2520 1185 2571 magis
1212 2517 1329 2571 eges)
1358 2517 1460 2570 plus

121 2600 157 2625 e.
187 2585 217 2624 f.
275 2585 363 2635 Ita)
399 2584 511 2624 Hinc
548 2585 580 2623 f.
636 2586 837 2638 sequitur)
874 2586 943 2625 Sic
980 2585 1050 2632 0.,
1088 2585 1162 2625 sed
1198 2586 1460 2638 consequitur

120 2651 188 2704 R.,
204 2651 314 2706 quod
331 2653 489 2706 recepit
503 2651 594 2704 Rk„
612 2665 700 2706 ego,
718 2655 905 2706 tanquam
920 2652 1052 2694 Rhen.
1068 2653 1288 2703 inventum,
1306 2653 1457 2707 sprevi.

232 2719 284 2761 V.
311 2720 547 2765 Anaclasvls.
576 2720 673 2761 Hoc
699 2720 884 2771 schema)
913 2733 991 2760 om.
1020 2719 1053 2759 f.
1081 2720 1326 2773 Exemplum
1353 2720 1457 2760 Pro-

121 2785 345 2831 culeianum
371 2787 536 2832 aliunde
562 2788 806 2831 inculcatum
841 2793 982 2831 censet
1017 2787 1097 2832 ΒΚ.
1154 2789 1265 2843 Ego,
1305 2800 1378 2829 cur
1412 2786 1457 2827 id
