1793 3207
909 223 977 269 18

265 374 396 416 iudice
423 374 578 411 natura
607 370 716 410 hanc
745 381 919 410 causam
946 380 1182 423 ageremus,
1195 390 1253 403 --·
1280 375 1330 412 ut
1354 384 1462 426 quae
1478 372 1538 412 ita
1559 368 1622 410 di·

265 453 353 494 visit
382 449 542 490 virilem
572 452 614 488 et
641 447 882 489 muliebrem
899 453 1111 496 naturam,
1134 431 1185 487 u't
1206 460 1328 488 suum
1356 453 1503 507 cuae'que
1523 462 1624 505 opus

263 537 385 584 atque
426 530 611 584 officium
640 528 926 579 distribueret,
956 552 1012 559 —
1053 532 1109 569 et.
1122 540 1200 581 ego
1228 526 1338 568 bunc
1367 531 1627 573 ostenderem

262 610 457 651 muliebri
481 611 566 649 ritu
595 621 685 649 esse
713 622 789 650 suo
820 622 997 663 corpore
1026 607 1228 655 abusum,·
1256 620 1396 647 nonne
1410 608 1626 650 vehemen-

214 697 241 738 5
265 692 417 733 tissime
447 690 742 737 admiraretur,
772 691 812 728 si
835 691 1048 741 quisquam
1075 700 1161 729 non
1178 689 1459 742 gratissimum
1477 701 1628 729 munus

265 771 568 817 arbitraretur,
607 770 738 809 virum
776 780 823 808 se
859 773 1027 817 natum,
1068 767 1145 808 sed
1180 767 1409 822 depravato
1445 771 1629 808 naturae

267 851 462 903 beneficio
493 850 535 888 in
563 849 780 887 mulierem
808 853 1053 888 convertere
1074 850 1364 901 properasse?
1399 848 1500 888 Item
1520 847 1628 888 Cha-

264 929 375 968 risii:
412 927 684 975 Emtstae‘mate,
724 939 900 980 quaeso,
949 926 1245 981 rempublicam
1283 927 1348 968 hic
1384 926 1552 975 adesse,
1588 929 1632 967 et

263 1022 343 1061 pro
373 1013 513 1049 vestra
543 1007 735 1048 libertate
763 1008 987 1060 supplicem
1025 1007 1136 1048 vobis
1174 1007 1388 1055 accidere,
1432 1008 1556 1047 simul
1589 1011 1632 1047 et

188 1089 247 1134 10
270 1088 420 1127 liberos
447 1091 609 1127 vestros
640 1092 680 1126 et
707 1092 863 1127 matres
884 1087 1076 1138 familias
1105 1087 1340 1141 amplexam
1369 1091 1524 1133 tenere,
1548 1097 1629 1138 pa-

271 1174 412 1208 rentes
441 1173 600 1207 vestros
628 1172 767 1206 aetate
796 1167 1010 1218 confectos
1038 1166 1098 1207 ad
1122 1180 1168 1207 se
1183 1167 1409 1220 applicare,
1437 1165 1630 1219 redigere

271 1259 345 1286 vos
379 1248 421 1285 in
460 1246 722 1291 memoriam,
761 1245 924 1297 qualem
963 1258 1009 1285 se
1046 1258 1073 1284 a
1111 1245 1334 1286 maioribus
1374 1245 1629 1298 acceperitis,

270 1325 490 1364 obsecrare
521 1335 605 1374 pro
642 1325 775 1362 sacris
813 1336 865 1362 ac
901 1323 1083 1363 delubris
1120 1324 1294 1364 deorum
1322 1324 1629 1370 immortalium,

263 1416 345 1457 pro
379 1406 607 1455 parentum
654 1403 946 1449 monumentis,
1002 1414 1083 1455 pro
1129 1401 1241 1442 vobis
1279 1403 1377 1455 ipsis
1417 1406 1461 1442 et
1494 1402 1630 1442 salute

193 1483 247 1528 15
270 1487 434 1530 vestra3
464 1482 567 1521 haec
596 1482 635 1520 si
653 1494 859 1534 praesens
889 1486 1014 1535 agat,
1042 1486 1092 1521 ut
1116 1481 1224 1530 diri,
1253 1481 1353 1535 quid
1379 1483 1511 1522 anirm‘
1534 1483 1631 1522 estis

269 1562 457 1609 habituri,
488 1582 543 1590 --
573 1562 765 1613 quaero?

385 1639 473 1680 Vn.
515 1637 1042 1680 CHARAGTERISMOS.
1100 1639 1458 1691 Quemadmodum
1496 1640 1632 1692 pictor

271 1720 479 1760 coloribus
509 1720 662 1771 figuras
692 1717 910 1767 describit,
950 1719 1013 1758 sie
1050 1720 1190 1759 orator
1217 1718 1298 1758 hoc
1326 1719 1534 1760 schemate
1562 1722 1632 1759 aut

271 1800 371 1839 vitia
399 1802 468 1838 aut
498 1799 673 1838 virtutes
704 1811 873 1847 eorum,
912 1797 965 1838 de
994 1797 1140 1850 quibus
1170 1797 1372 1850 loquitur,
1412 1797 1630 1839 deformat.

195 1878 251 1920 ΩΟ
273 1878 468 1930 Lyconis:
505 1877 614 1927 Quid
648 1880 691 1916 in
729 1878 807 1917 hoc
844 1877 1025 1917 arbitrer
1053 1876 1187 1917 bonae
1214 1879 1309 1930 spei
1332 1878 1535 1930 reliquum
1563 1890 1630 1916 re-

276 1956 434 2002 sidere,
472 1959 543 2008 qui
578 1969 698 1996 omne
732 1959 841 1997 vitae
879 1961 1040 2010 tempus
1076 1970 1164 1996 una
1211 1969 1262 1996 ac
1300 1955 1632 2009 desperatissima

279 2034 573 2073 consuetudine
596 2035 822 2085 producit?
850 2035 966 2074 Nam
995 2035 1119 2073 simul
1145 2040 1269 2086 atque
1297 2047 1351 2073 ea·
1374 2036 1530 2086 prioris
1553 2034 1637 2074 diei

279 2114 405 2152 uimia
435 2112 515 2151 cibi
539 2125 589 2150 ac
618 2113 704 2151 vini
728 2113 933 2161 satietate,
962 2114 1043 2161 vir,
1074 2111 1302 2152 meridiano
1332 2117 1526 2165 tempore,
1535 2114 1630 2166 ple-

278 2205 357 2231 nus
386 2191 561 2244 crapula
591 2196 651 2230 est
679 2195 968 2243 experrectus,
1001 2192 1184 2244 primum
1224 2193 1353 2232 oculis
1388 2205 1503 2233 mero
1540 2206 1630 2232 ma-

199 2269 255 2311 25
279 2270 397 2317 dictis,
427 2271 599 2310 humore
629 2269 872 2316 obcaecatis,
902 2272 1012 2310 visco
1040 2270 1245 2324 gravidis,
1275 2272 1407 2311 lucem
1437 2277 1629 2312 constan-

279 2354 343 2390 ter
372 2351 527 2389 uetueri
552 2361 634 2388 non
666 2354 825 2401 potest,·
862 2349 1009 2389 deinde
1047 2349 1246 2402 consectis
1282 2350 1453 2401 viribus,
1490 2354 1631 2404 utpote

300 2494 318 2527 ἶ
362 2495 610 2538 properasse.)
635 2494 737 2529 Nota
760 2499 987 2530 structuram
1022 2496 1224 2538 varietam3
1258 2507 1344 2530 nam
1377 2496 1503 2529 mirari
1530 2498 1568 2530 et
1599 2496 1632 2529 si

366 2550 537 2592 assumit,
568 2551 621 2593 (si
643 2552 827 2595 quisquam
851 2553 1109 2597 arbitraretur)
1139 2556 1177 2587 et
1209 2552 1438 2587 infinitivum
1472 2552 1630 2596 (prope-

368 2612 497 2650 rasse).

276 2658 321 2692 11
368 2661 416 2693 ad
437 2672 473 2694 se
496 2664 710 2707 applicare,)
734 2663 759 2697 i.
784 2675 816 2697 e.
840 2663 880 2698 in
904 2664 1077 2709 amplexu
1099 2664 1298 2700 admovere
1321 2663 1477 2710 pectori.

275 2714 322 2749 15
368 2716 452 2749 estis
474 2717 659 2762 habituri‚)
682 2719 745 2753 hic
779 2719 854 2755 iam
887 2720 1056 2765 quaestio
1085 2720 1237 2764 {initui-3
1269 2721 1358 2757 hinc
1391 2717 1627 2754 indicativus.

365 2770 508 2806 Deinde
530 2784 603 2808 non
625 2786 758 2820 regens
782 2775 909 2820 priora.
938 2776 1108 2818 additur,
1141 2789 1295 2823 quaero,
1327 2775 1436 2822 quasi
1466 2775 1628 2812 admira-

364 2827 480 2864 bundi
502 2831 542 2865 et
564 2828 756 2867 incitanti·
780 2833 827 2868 ad
849 2832 1156 2878 respondendum.
