1793 3207
230 222 297 270 52
393 228 885 273 ANmAnvERstomzs
921 228 1191 271 cmm-mm„
1220 230 1262 265 12.
1285 228 1410 272 11,16.

234 349 348 390 velut
360 348 389 393 1,
406 346 474 384 19.
503 358 597 384 cum
628 345 786 398 aliquot
810 356 880 386 rm
897 344 1141 386 adversario
1156 347 1429 394 conceduntur,
1444 344 1595 386 demde

237 412 390 467 aliquid
416 413 469 452 in
469 412 507 464 f
508 414 593 452 eri
598 426 639 452 m
650 426 727 461 us,
766 417 809 453 et
845 425 939 454 eum
977 413 1045 454 hic
1083 413 1215 454 oratio
1251 415 1311 455 sie
1338 414 1595 456 continuata:

235 487 276 524 et
302 482 506 535 coniungi
527 483 644 532 solet,
668 483 734 523 vix
764 487 927 536 tempus
955 483 1119 524 finitum
1147 483 1339 535 patiatur,
1354 485 1476 526 efinm
1488 483 1530 523 iu
1545 495 1597 523 eo

234 551 377 601 verbo,
408 550 518 603 quod
550 555 763 605 receptum
792 552 917 605 plane
946 552 998 592 sit
1032 564 1110 593 usu
1147 552 1349 600 omnium3
1386 552 1598 606 corrigen-

235 620 334 661 dum
363 621 501 673 putavi
530 624 574 661 et
602 621 670 661 hic
699 621 871 674 inferri,
903 625 945 661 et
974 620 1080 661 infra
1109 621 1319 673 insertur‚·
1356 621 1599 672 praesertim

234 702 329 729 cum
358 694 536 741 utroque
565 689 657 729 loco
686 690 730 729 iu
759 689 968 731 scribendi
998 702 1187 730 errorem
1215 688 1385 741 (infert)
1415 687 1600 728 incidere

236 758 406 798 librario
446 759 632 811 proclive
670 762 795 798 esset.
854 758 933 797 Est
972 765 1107 799 autem
1145 757 1300 809 auferri
1331 761 1375 797 et
1408 757 1606 809 coniungi

236 827 465 866 arctissime
495 826 745 878 copulatum,
778 830 824 865 ut
853 826 1086 878 exemplum
1116 826 1251 865 docet.
1310 824 1413 864 Nam
1453 824 1603 864 dicitur

236 897 379 934 contra
408 893 575 934 labores
601 908 756 947 graves
792 894 949 934 frustra
989 898 1224 947 susceptos;
1264 894 1338 934 sed
1377 893 1502 933 iidem
1540 893 1603 932 Ia-

238 963 358 1003 bores
385 976 553 1015 graves,
584 964 732 1016 quibus
762 963 956 1012 infertur,
987 967 1207 1003 servantur
1239 966 1280 1003 et
1300 962 1604 1015 coniunguntur

237 1044 332 1072 cum
362 1029 502 1072 fructu
530 1031 769 1084 voluptatis.
799 1033 939 1083 itaque
971 1032 1071 1071 nihil
1101 1044 1268 1071 moveor
1289 1032 1365 1070 Rk.
1394 1030 1604 1082 scrupulo,

238 1100 381 1151 quiin
410 1101 560 1147 verbo,
600 1102 801 1153 coniungi
834 1101 974 1139 vitium
1012 1112 1102 1139 esse
1141 1099 1395 1151 suspicatur,
1432 1097 1527 1149 quia
1557 1096 1603 1137 L.

239 1180 384 1209 vocem
414 1168 586 1208 omittit.

353 1235 456 1275 Non
484 1235 575 1284 ille)
605 1235 722 1274 Nam
751 1235 821 1274 ille
851 1236 878 1273 Ι.
909 1234 961 1274 V.
993 1258 1048 1264 -
1077 1234 1251 1281 subibat,
1262 1233 1468 1288 parabat)
1498 1232 1606 1273 subi-

240 1302 316 1351 bit,
348 1302 525 1356 parabit
551 1302 578 1341 l.
609 1302 658 1342 E.
690 1301 741 1341 V.
772 1302 821 1342 Α.
852 1302 1011 1343 subiret
1045 1303 1095 1342 R.
1136 1316 1277 1343 verum
1308 1306 1446 1341 servat
1476 1302 1521 1341 L.
1551 1323 1608 1331 —

238 1370 443 1421 msertur)
473 1370 607 1421 aufert
632 1370 771 1416 Libri3
803 1369 858 1408 cf.
890 1382 1028 1422 supra.
1073 1392 1129 1399 ·-
1165 1371 1391 1423 superiori)
1421 1371 1609 1422 superio-

240 1452 329 1478 rem
359 1438 410 1479 R.
447 1461 504 1468 ——
542 1438 861 1491 consequenter)
898 1438 993 1478 add.
1024 1439 1271 1479 sententiam
1300 1437 1342 1478 S.
1366 1460 1423 1467 —-
1452 1437 1609 1478 Phale-

241 1507 360 1556 reus)
390 1507 616 1546 Phalerius
645 1507 754 1554 libri,
787 1507 898 1558 quod
928 1507 1104 1546 retinuit
1134 1506 1235 1554 Rk.;
1273 1506 1347 1546 sed
1378 1519 1470 1545 cum
1500 1506 1610 1545 idem

243 1586 396 1614 nomen
426 1587 553 1626 supra
593 1586 759 1627 semper
796 1577 907 1614 esset
946 1574 1202 1623 Phalereus,
1242 1573 1309 1613 hic
1347 1573 1611 1613 librariorum

243 1655 431 1682 errorem
460 1642 639 1683 iudicavi
677 1642 852 1682 formam
892 1644 933 1682 in
972 1645 1047 1682 ius.
1080 1666 1135 1671 -—
1166 1643 1285 1682 huius
1315 1642 1504 1692 honoris)
1535 1642 1610 1681 hu-

244 1710 426 1750 iusmodi
450 1710 490 1749 Ιι.
530 1710 577 1750 L.
605 1733 662 1739 —
691 1710 910 1763 superbiae
947 1715 1120 1750 nostrae
1150 1733 1206 1740 --
1234 1711 1447 1762 vestigium
1485 1723 1611 1762 espe-

245 1779 402 1826 rialur)
438 1783 538 1819 vest.
578 1771 796 1830 experitur
834 1778 884 1818 Ο.
926 1779 997 1817 sed
1040 1778 1106 1817 L.:
1150 1778 1452 1830 superbientem
1491 1791 1612 1817 nemo

243 1847 460 1898 vestigium
490 1847 718 1899 experitur.
782 1845 833 1885 V.
869 1846 914 1885 Ι).
947 1846 989 1885 in
1020 1858 1146 1898 marg.
1181 1845 1230 1885 R.
1262 1846 1449 1898 corrigit:
1479 1858 1533 1885 ne
1545 1858 1615 1885 ve-

245 1915 409 1966 stigium
440 1913 605 1967 quidem
636 1916 864 1967 experitur.
925 1914 1027 1954 Rk.:
1066 1928 1120 1953 ue
1147 1916 1362 1967 vestigium
1391 1916 1614 1967 reperitur.

247 1981 330 2022 Sed
360 1982 418 2021 ita
448 1981 614 2034 quidem
646 1982 813 2023 dicendi
853 1982 1140 2023 consuetudini
1179 1983 1316 2035 aliquo
1357 1984 1479 2022 modo
1517 1981 1615 2038 sapis

249 2053 315 2088 est
344 2049 524 2098 factum,
553 2073 608 2079 ——-
640 2052 823 2103 quamvis
856 2053 963 2091 enim
993 2051 1301 2102 metaphoricus
1331 2051 1495 2102 vestigii
1519 2063 1616 2090 usus

247 2118 329 2156 late
361 2120 522 2168 pateat,
559 2121 698 2156 tamen
737 2130 809 2157 nos
850 2120 1039 2170 experiri
1065 2130 1186 2169 posse
1215 2119 1451 2170 vestigium,
1492 2118 1616 2158 vehe-

247 2188 409 2224 menter
441 2184 603 2232 dubit03
634 2185 786 2236 reliqui
819 2189 953 2224 tamen
982 2186 1024 2223 id
1055 2186 1236 2233 verbum,
1267 2186 1360 2237 quia
1390 2186 1497 2238 quod
1517 2186 1617 2225 mihi

248 2252 436 2304 placeret
474 2264 555 2291 non
594 2253 713 2304 potui
751 2253 937 2291 invenire
967 2275 1023 2281 --
1061 2253 1141 2306 ipsi
1180 2267 1278 2293 vero
1318 2253 1515 2294 schemati
1546 2267 1618 2294 ue-

250 2332 450 2371 quaquam
480 2333 527 2359 ea
557 2321 793 2360 coniectura
824 2321 1055 2361 consultum
1085 2326 1163 2361 est.
1203 2322 1265 2361 Ex
1284 2321 1490 2362 schemate
1508 2322 1619 2361 enim

250 2388 461 2441 superiori
486 2388 643 2441 aliquid
669 2389 873 2441 infertur,
912 2388 989 2430 sed
1018 2395 1329 2443 consequenter.
1389 2390 1471 2430 lam
1508 2389 1619 2429 unde

252 2462 550 2509 consequenter
580 2460 769 2509 coeptum
807 2459 863 2498 sit
902 2459 1005 2505 dici,
1040 2459 1297 2499 demonstrat
1324 2459 1477 2511 itaque.
1536 2457 1620 2497 Sed

256 2525 353 2576 quid
382 2525 607 2575 inseratur,
639 2524 796 2564 frustra
825 2537 1021 2576 quaeras;
1051 2526 1257 2577 siquidem
1288 2526 1413 2565 etiam
1442 2538 1465 2565 a
1493 2525 1619 2577 parti-

254 2592 344 2632 cula
374 2594 512 2645 itaque
541 2592 730 2646 pendens
762 2595 894 2634 oratio
924 2594 1125 2635 beneficia
1154 2605 1362 2646 exponere
1391 2592 1621 2647 Athenien—

253 2660 363 2699 sium
402 2662 556 2714 petgit:
609 2661 887 2714 ,amplissimus
938 2662 1098 2711 honor,
1127 2662 1363 2715 “superbiae
1406 2661 1621 2714 vestigium
1645 2679 1657 2696 2

252 2727 428 2768 nullum.
487 2730 732 2771 Antitheton
761 2731 891 2783 igitur
920 2735 1017 2771 ante
1048 2731 1186 2771 omnia
1208 2728 1622 2783 circumspiciendum

253 2800 367 2844 erut;
405 2796 448 2835 id
487 2796 623 2849 itaque
660 2799 780 2844 intuli
810 2798 1046 2853 corrigens:
1085 2810 1206 2838 nemo
1237 2799 1494 2852 experiatur.
1552 2796 1622 2838 Sic
