1793 3207
848 212 917 258 1⁰

202 369 325 420 atque
351 361 412 401 leis
431 360 586 413 paucis
614 356 769 407 (Hebae,
800 357 927 398 semul
952 358 998 395 et
1012 355 1278 399 Atheniensis
1306 362 1347 400 et
1366 357 1559 413 eloquens

200 448 261 484 est
278 441 445 492 factus.
490 438 615 479 Item:
646 436 709 478 At
737 436 804 478 liic
835 437 1016 479 omnium
1043 435 1410 488 sceleratn‘m‘ruus,
1451 450 1559 480 novo

198 533 314 561 more
342 522 467 574 atque
495 517 686 571 exemplo
718 518 850 559 alieni
863 516 1076 570 facinoris
1103 515 1277 565 vindex,
1313 519 1402 570 lpse
1430 520 1561 573 confi-

198 600 432 640 dentissime
469 611 553 639 non
591 596 848 645 crimim'bus,
906 594 982 636 sed
1022 597 1151 637 armis
1188 608 1308 636 reum
1355 596 1562 638 lacessere

149 677 176 718 5
200 685 398 728 conatus,
437 681 641 720 conatus?
686 679 855 717 nimium
902 677 1073 717 remisse
1120 677 1279 731 loquor.
1338 674 1455 717 Nam
1492 678 1567 729 qui

201 764 362 801 tantam
391 758 559 800 caedem
582 757 826 811 perfecerit,
857 757 944 797 eius
973 755 1209 798 huiusmodi
1230 757 1438 811 inceptum
1453 754 1562 796 dun-

201 845 322 880 taxat
350 851 545 892 arguere,
567 850 710 890 paene
737 838 935 891 maleficii
959 838 1224 890 largitionem
1248 842 1310 877 est
1329 837 1497 889 facere.

312 917 443 958 XVII.
473 915 874 957 PARENTHESIS.
906 915 1012 956 Cum
1040 917 1084 956 in
1113 915 1343 956 continenti
1361 914 1564 957 sententia

200 996 353 1050 aliquid
381 996 676 1049 interponitur,
709 976 820 1048 quod
849 1008 984 1048 neque
1013 996 1103 1036 eius
1132 997 1188 1036 sit
1216 996 1461 1045 sententiae,
1490 1007 1564 1036 ne-

124 1069 179 1113 10
202 1090 283 1129 que
313 1076 480 1116 omnino
509 1076 684 1116 alienum
714 1075 763 1115 ab
794 1088 842 1116 ea
870 1075 1094 1124 sententia,
1151 1078 1238 1115 tum
1276 1064 1454 1126 denique
1482 1074 1564 1114 hoc

203 1155 370 1198 schema
399 1155 603 1203 efficitur;
633 1154 707 1194 sed
737 1154 974 1206 periculose
1004 1155 1186 1207 ponitur.
1244 1153 1348 1195 Nam
1376 1156 1446 1194 aut
1459 1153 1564 1194 mire

201 1236 405 1288 ineptum,
435 1237 505 1273 aut
530 1233 799 1273 vehementer
826 1233 1049 1273 iucundum
1081 1233 1244 1273 auribus
1262 1233 1451 1273 accidere
1464 1243 1564 1272 con-

201 1313 345 1353 suevit.
402 1312 715 1352 Demosthenis:
760 1310 856 1351 Nos
893 1312 1053 1351 scilicet
1088 1324 1251 1359 omnes,
1288 1316 1339 1351 ut
1360 1313 1423 1364 fit
1447 1310 1562 1362 fere,

200 1391 418 1445 repentino
465 1392 618 1431 nuncio
655 1389 900 1444 perturbati
945 1389 1239 1443 obstupuimus.
1312 1388 1565 1430 Adimantus

125 1469 181 1514 15
203 1476 342 1512 autem
377 1471 490 1511 solus
529 1473 648 1522 (nam
678 1474 743 1509 est
769 1469 890 1510 homo
920 1470 1095 1510 multum
1123 1469 1339 1521 vehemens
1366 1471 1410 1509 in
1438 1483 1565 1523 repu-

203 1551 323 1597 blica,
351 1554 440 1589 tum
471 1551 555 1590 oris
583 1551 685 1589 satis
715 1548 879 1601 liberi;)
909 1562 1064 1603 magno
1083 1550 1269 1590 clamore
1289 1548 1565 1602 efflagitabat,

202 1634 250 1669 ut
276 1634 447 1669 senatus
476 1627 703 1667 habere-tur
733 1632 796 1676 et,
821 1632 956 1680 prout
981 1632 1142 1681 tempus
1163 1628 1428 1681 postulabat,
1458 1629 1565 1668 cele-

203 1709 308 1748 riter
336 1707 448 1761 quod
475 1719 579 1760 opus
610 1709 720 1746 esset
745 1708 1080 1747 constitueretur.
1131 1705 1351 1748 Eiusdem:
1387 1705 1429 1747 V
1423 1706 1565 1747 isdum

205 1787 422 1827 audieram
451 1788 811 1839 appropinquare,
849 1799 944 1826 cum
978 1788 1118 1826 statim
1154 1788 1443 1839 magistratum
1471 1799 1567 1826 cer-

130 1868 185 1912 20
207 1870 353 1907 tiorem
374 1866 470 1918 feci
475 1880 491 1913 ,·
549 1864 683 1918 (Vos,
724 1865 786 1906 dii
808 1866 1085 1914 immortales,
1122 1879 1297 1919 quorum
1334 1868 1377 1905 in
1411 1866 1564 1919 templo

208 1949 389 1998 gestum,
418 1945 671 1996 testificor3)
699 1965 755 1973 —
792 1945 857 1983 illi
889 1946 1191 1997 neglexerunt,
1220 1949 1260 1983 et
1288 1957 1378 1984 rem
1405 1947 1566 1984 tantam

211 2023 385 2078 differre
403 2024 664 2069 maluerunt3
693 2036 788 2063 cum
815 2025 977 2063 interea
1004 2023 1137 2063 subito
1160 2027 1313 2075 portas
1342 2022 1467 2063 hostete
1496 2022 1565 2064 ob-

211 2101 332 2143 sedit.

325 2179 478 2221 XVIII.
509 2178 812 2221 MERISMOS.
869 2179 959 2220 Hoc
996 2180 1161 2221 schema
1197 2181 1373 2235 singulas
1402 2195 1471 2223 res
1499 2194 1565 2223 se·

211 2259 388 2314 paratim
417 2259 674 2312 disponendo
706 2261 748 2299 et
777 2271 895 2299 suum
924 2260 1073 2312 cuique
1101 2260 1316 2313 proprium
1345 2260 1565 2303 tribuendo

210 2352 396 2392 magnam
426 2338 595 2378 efficere
624 2338 841 2378 utilitatem
880 2342 924 2378 et
961 2340 1164 2379 illustrem
1202 2341 1425 2381 consuevit.
1483 2341 1565 2391 Ly-

209 2419 349 2474 curgi:
385 2417 510 2459 Cuius
548 2430 688 2458 omnes
726 2420 914 2472 corporis·
945 2424 1093 2472 partes
1130 2418 1189 2460 ad
1220 2420 1444 2472 nequitiam
1471 2422 1571 2459 sunt

233 2539 257 2574 6
299 2541 509 2586 inceptum.)
533 2541 605 2575 hoc
629 2541 743 2576 verbo
767 2540 908 2575 ironice
931 2544 1107 2578 extenuat
1130 2546 1315 2583 conatum,
1340 2553 1412 2587 quo
1425 2541 1494 2576 ille
1504 2551 1566 2577 ar-

303 2597 374 2630 mis
396 2609 502 2632 reum
525 2598 758 2638 lacessierut,
782 2596 891 2642 eique
916 2599 1070 2643 opponit
1094 2599 1243 2634 caedem
1266 2599 1482 2642 perfectam.

212 2649 259 2686 16
303 2652 398 2695 tum)
420 2652 483 2687 hic
505 2665 579 2689 non
602 2657 660 2689 est
683 2652 870 2699 particula
891 2654 1086 2700 temporis,
1111 2655 1176 2689 sed
1198 2653 1360 2689 inservit
1371 2663 1566 2689 enumera-

304 2707 413 2749 tioni,
425 2712 462 2742 et
473 2711 635 2753 ponitur,
659 2711 693 2745 si
710 2711 756 2754 ad
772 2721 853 2744 rem
872 2711 1088 2757 graviorem
1104 2711 1297 2754 venimun
1323 2709 1474 2756 saepius
1490 2714 1566 2746 tum

301 2774 384 2797 vero
408 2763 534 2798 Latini
557 2766 695 2800 dicunt.

210 2818 256 2854 19
301 2819 607 2867 appropinquare)
631 2821 736 2857 intel.
759 2821 901 2859 hostes.
