1793 3207
858 198 941 227 V111

238 363 381 426 gistro
402 359 672 414 interprete3
706 366 796 396 non
819 349 1009 411 quidem
1032 350 1110 406 ita,
1139 354 1192 393 ut
1214 349 1379 396 Latina
1402 351 1574 412 legant,

238 441 315 489 sed
349 442 399 484 ut
432 449 515 497 per
549 448 625 480 eas
657 431 889 489 lectiones,
922 429 1091 491 quibus
1124 427 1277 475 subito
1306 439 1353 476 et
1377 438 1573 478 exatem-

233 532 344 580 pore
373 516 573 564 scribere
604 512 766 558 Latine
797 508 1033 566 docentur,
1060 510 1150 570 ipsi
1175 510 1221 555 in
1250 509 1457 572 linguam
1480 512 1574 557 La-

231 599 371 644 tinam
403 598 588 642 vertant.
658 592 737 638 Sic
767 592 887 637 enim
913 590 1037 637 varie
1067 596 1323 650 peccantes,
1354 598 1576 650 quantum

233 694 260 723 a
291 675 453 723 Rutilii
485 678 581 718 arte
616 672 799 729 eximia,
846 687 938 731 qua
971 686 1055 716 suo
1089 685 1301 730 quaeque
1332 670 1438 716 loco
1471 686 1576 715 ver-

232 757 304 804 bis
344 752 592 801 lectissimis
637 752 887 809 collocata,
934 750 1177 811 omniaque
1222 739 1442 797 numeris*
1468 760 1576 811 apte

233 835 492 882 cadentibus
518 846 694 877 summa
720 832 1034 877 membrorum
1063 831 1260 891 paritate
1285 832 1435 877 vincta
1457 839 1574 889 sunt,

230 918 365 976 longe
390 915 619 974 longeque
646 912 818 958 distent
843 913 959 973 ipsi‚,
983 914 1202 958 acerrime
1227 913 1407 966 vident3
1440 913 1575 958 simul

228 1002 387 1049 tamen,
419 992 457 1037 si
491 992 633 1037 modo
669 993 715 1037 in
750 992 927 1037 formae
961 994 1237 1055 elegantiam
1271 997 1472 1037 mentem
1505 993 1576 1037 in-

228 1073 463 1131 tenderint,
494 1087 633 1132 posse
659 1088 710 1119 se
743 1073 959 1129 scribere,
995 1089 1089 1132 quo
1118 1074 1227 1119 satis
1258 1072 1480 1133 magistro
1505 1071 1577 1115 sa-

229 1154 366 1211 ciant,
402 1152 665 1214 intelligunt
702 1159 749 1197 et
782 1153 1097 1198 incenduntur.
1111 1151 1180 1213 **)
1249 1151 1390 1210 Quod
1424 1152 1462 1197 si
1496 1151 1578 1196 illa

227 1234 473 1294 figurarum
496 1232 751 1277 imitatione
782 1233 1067 1293 aliquamdiu
1103 1232 1364 1278 excercitati
1394 1231 1576 1288 fuerint,

228 1319 461 1373 poterunt,
506 1313 587 1372 qui
634 1313 798 1359 ceteris
840 1320 1097 1372 praestant,
1146 1311 1338 1371 praemii
1383 1312 1488 1355 loco
1532 1311 1578 1354 in

230 1393 473 1452 apertiores
497 1391 590 1436 iam
615 1406 803 1452 campos
829 1407 884 1437 ex
908 1392 999 1437 hac
1024 1391 1133 1453 gyri
1154 1391 1380 1435 brevitate
1404 1390 1577 1443 emitti;

232 1487 501 1531 quamquam
532 1471 607 1517 his
644 1472 781 1517 etiam
816 1472 1027 1517 themata
1060 1472 1170 1532 poni
1197 1471 1371 1516 leviora
1405 1470 1576 1526 malim,

232 1566 436 1611 quaeque
459 1552 576 1596 intra
607 1552 959 1611 quatuordecim
992 1551 1092 1597 dies
1127 1550 1303 1597 absolvi
1337 1549 1579 1595 commode

232 1631 424 1689 possint3
456 1637 693 1689 praeterea
720 1632 840 1676 enim
867 1633 960 1677 cito
990 1632 1137 1676 oratio
1167 1631 1362 1675 diffluet.
1422 1631 1578 1688 Atque

235 1725 333 1754 eam
378 1709 564 1769 quidem
609 1711 938 1757 institutionem
984 1711 1117 1756 classi
1159 1710 1387 1755 secundae
1422 1716 1578 1767 aptam

233 1788 455 1847 putarim;
494 1804 642 1849 neque
675 1797 826 1835 tamen
860 1791 997 1850 plane
1031 1789 1331 1834 omittendam
1360 1789 1406 1832 in
1437 1789 1579 1834 classe

234 1867 390 1925 prima.
458 1869 576 1914 Nam
609 1871 742 1915 sicuti
776 1871 933 1916 multis
963 1869 1217 1915 nominibus
1245 1869 1474 1928 sapienter
1509 1856 1600 1911 in·-

273 2021 323 2063 ”)
348 2020 457 2054 Iuvat
480 2022 683 2064 exemplum
708 2024 946 2063 Alloeoseos,
970 2023 1024 2055 sic
1048 2026 1091 2055 ut
1113 2022 1163 2055 ad
1183 2033 1242 2054 me
1267 2021 1393 2055 datum
1412 2025 1489 2063 est,
1513 2023 1579 2056 ad-

351 2075 533 2117 scribere,
565 2077 662 2120 quod
686 2088 755 2111 non
780 2089 823 2111 ex
847 2077 995 2111 traditis
1020 2077 1191 2111 omnibus
1216 2077 1416 2122 optimum,
1448 2079 1580 2114 lauda-

350 2122 431 2167 tum
461 2138 602 2172 tamen,
635 2132 775 2176 primae
807 2134 940 2167 classis
972 2125 1144 2168 alumnus
1177 2134 1417 2179 conscripsit:
1452 2134 1580 2179 Quum

346 2188 447 2222 haud
470 2198 555 2221 raro
578 2187 661 2221 fieri
685 2189 929 2231 consueverit,
956 2194 997 2223 ut
1012 2189 1114 2223 filius
1131 2189 1239 2233 plane
1256 2200 1277 2224 a
1293 2191 1411 2235 patris
1428 2190 1579 2226 >vivendi

347 2248 386 2278 et
417 2243 550 2289 agendi
583 2244 726 2278 ratione
759 2244 940 2287 discedat3
975 2245 1072 2279 nihil
1106 2245 1179 2280 sibi
1213 2247 1334 2292 magis
1360 2248 1580 2293 ⁴oppositum

349 2312 432 2334 esse
455 2303 597 2345 potest,
624 2313 732 2344 quam
755 2302 893 2336 Demea
916 2306 953 2336 et
976 2303 1167 2337 Parmeno.
1216 2303 1313 2338 Nam
1338 2316 1450 2348 quum
1473 2309 1580 2349 pater

346 2356 560 2391 laboriosus
591 2361 628 2390 et
656 2357 862 2392 industrius
894 2359 962 2400 sit,
996 2370 1128 2404 parcus
1152 2360 1191 2394 in
1214 2372 1254 2395 re
1279 2360 1481 2402 familiari,
1515 2360 1580 2394 sed

346 2418 469 2448 tamen
494 2412 532 2446 in
550 2413 687 2447 amicos
703 2414 885 2458 liberalis,
910 2420 1014 2460 puter
1031 2416 1207 2462 optimus,
1232 2417 1474 2453 dulcissimus
1491 2428 1579 2451 con-

344 2470 445 2511 iunx,
465 2469 608 2514 patriae
620 2481 707 2504 vero
726 2471 1013 2512 amantissimus,
1033 2485 1075 2507 eu
1092 2474 1215 2508 omnia
1233 2473 1407 2518 opposita
1421 2473 1459 2508 in
1476 2473 1577 2515 filio;

345 2525 408 2568 qui
431 2526 573 2561 nullam
597 2537 758 2572 unquam
782 2527 821 2562 in
844 2528 971 2574 aliqua
993 2541 1034 2563 re
1064 2541 1191 2565 curam
1221 2530 1423 2566 collocavit
1453 2534 1491 2566 et
1520 2531 1579 2565 in—

347 2580 544 2625 dustriam,
580 2584 645 2629 qui
669 2583 729 2618 sui
753 2585 930 2631 prodigus
954 2587 1092 2632 grande
1116 2599 1178 2623 nes
1203 2588 1366 2623 alienum
1389 2588 1578 2628 conflavit,

350 2635 413 2678 qui
435 2636 633 2674 illiberalis
658 2641 694 2675 in
721 2642 878 2684 amicos,
909 2643 1060 2677 minime
1084 2643 1168 2688 pius
1192 2645 1230 2679 in
1253 2649 1444 2690 parentes,
1474 2656 1577 2678 neer-

348 2691 419 2724 bus
444 2691 480 2724 in
505 2694 668 2737 fratrem,
692 2697 905 2732 incredibili
930 2700 1087 2743 quodam
1112 2700 1150 2733 in
1174 2700 1334 2743 patriam
1351 2700 1436 2734 odio
1453 2700 1578 2734 incen-

349 2757 413 2780 sus
438 2752 505 2781 est.
