1793 3207
229 216 297 265 28
513 221 1002 260 ammove-usmarus
1050 223 1300 260 onmem.

231 344 276 384 in
303 355 352 382 ea
380 351 428 379 re
456 349 700 390 suspensum
728 350 797 378 me
826 341 982 378 tenent.
1021 337 1126 377 Nam
1154 340 1189 377 si
1219 353 1271 381 ex
1298 340 1444 381 eodem
1471 337 1587 378 fonte

233 414 277 450 et
302 405 428 447 ceteri
455 404 551 444 libri
581 410 625 445 et
654 405 733 444 hoc
762 405 1037 459 fragmentum
1065 403 1292 457 fluxissent,
1321 420 1396 449 cur
1422 405 1586 448 tandem

231 476 290 518 illi
316 473 555 515 metathesis
585 472 724 523 initia,
761 487 868 527 quae
897 474 940 515 in
970 473 1031 514 eis
1060 472 1113 513 ad
1141 473 1288 520 verba,
1327 476 1588 529 respondisse

229 543 379 583 dicitur
409 541 728 591 desiderantur,
757 542 877 592 hinc,
906 541 978 581 nbi
1006 540 1165 594 integra
1194 539 1360 591 adsunt,
1398 553 1591 594 promere

229 611 536 665 neglexissent?
564 609 638 651 Sin
666 615 809 652 contra
837 624 888 652 ex
917 609 998 650 alio
1027 608 1253 662 archetypo
1282 608 1364 649 hoc
1383 608 1591 663 fragmen-

231 682 332 728 tum,
362 692 412 719 ex
441 679 520 720 alio
548 678 677 719 libros
706 682 872 719 ceteros
899 678 1064 717 venisse
1100 679 1270 728 statuas,
1305 676 1455 717 mirum
1493 689 1592 730 pro-

232 748 346 789 fecto
373 760 511 788 casum
538 747 667 787 fuisse
696 747 827 796 dIcas,
857 747 928 799 qui
957 759 1007 787 ex
1035 749 1217 798 utroque
1244 745 1444 786 librorum
1473 745 1593 787 fonte

233 829 366 870 paene
407 815 575 857 eandem
607 814 752 856 Rutilii
799 818 976 869 partem,
1013 828 1090 856 nec
1128 818 1265 855 tamen
1302 813 1473 856 eandem
1510 815 1593 856 eri-

234 886 388 938 puerit.
446 884 671 925 Praeterea
698 886 741 925 id
771 898 839 925 me
867 885 1018 924 mirum
1047 884 1194 932 habet,
1232 884 1341 936 quod
1372 883 1594 939 fragmenti

234 953 426 993 librarius
454 952 541 1001 hic,
567 954 643 994 -ubi
672 954 859 994 lacunam
885 966 978 994 esse
1006 953 1050 993 in
1078 952 1183 993 libro
1212 964 1286 993 suo
1315 951 1462 1003 docet,
1490 953 1594 994 anti-

235 1022 476 1074 quissimum
494 1035 589 1062 enm
609 1023 837 1076 praedicat,
866 1024 912 1062 et
938 1035 1049 1062 armo
1078 1021 1191 1062 urbis
1217 1021 1413 1062 milesimo
1429 1026 1596 1075 septua-

234 1091 392 1143 gesimo
431 1090 653 1143 scriptum!
712 1090 898 1131 Hoccine
935 1090 1082 1139 homo,
1121 1090 1190 1141 qui
1226 1088 1386 1129 saeculo
1424 1102 1465 1142 p.
1496 1088 1595 1129 Chr.

238 1169 347 1197 nono
377 1157 541 1206 vixerit,
570 1158 753 1199 scribat?
784 1158 942 1199 Deinde
971 1170 1084 1206 vero,
1115 1170 1218 1211 quae
1245 1160 1339 1197 sunt
1366 1169 1417 1197 eo
1433 1158 1596 1198 saeculo

239 1230 439 1278 excerpta
467 1226 568 1275 ista,
606 1226 658 1265 ad
698 1239 802 1277 quae
831 1229 1045 1277 provocat,
1074 1226 1302 1279 palatina?
1357 1224 1497 1278 ltaque
1524 1225 1597 1265 ali-

236 1305 355 1344 quam
385 1291 573 1332 fraudem
601 1293 670 1332 hic
698 1306 789 1334 esse
818 1292 981 1342 factam,
1011 1294 1158 1333 aetatis
1187 1297 1304 1333 certe
1319 1294 1599 1346 antiquitatem

235 1360 451 1399 librarium
481 1360 686 1412 scriptura
724 1364 767 1399 et
806 1360 1043 1400 testimonio
1082 1345 1180 1400 esse·
1212 1361 1448 1410 mentitum,
1487 1362 1598 1413 quod

235 1428 325 1480 ipsa
355 1426 647 1481 orthographia
658 1422 711 1482 *)
741 1428 908 1469 videtur
937 1427 1097 1475 testari,
1114 1426 1215 1467 mihi
1232 1427 1506 1469 certissimum
1521 1436 1599 1469 est.

238 1495 535 1548 interpolatum
565 1496 688 1537 etiam
727 1510 820 1536 esse
854 1496 1028 1544 librum,
1067 1497 1110 1535 in
1148 1499 1295 1548 aperto
1332 1500 1412 1553 est.
1472 1496 1601 1537 Velut

238 1564 280 1604 in
296 1563 595 1605 Paradiastole
623 1562 684 1621 (Ι.
713 1561 787 1622 4.)
816 1568 929 1605 recte
959 1563 1057 1604 libri
1084 1563 1235 1618 vulgati
1252 1564 1475 1617 praebent:
1505 1563 1602 1606 Hoc

237 1633 346 1672 idem
374 1632 541 1674 schema
569 1634 678 1673 solet
711 1635 914 1674 illustrius
941 1633 1068 1686 fieri,
1107 1645 1202 1673 cum
1242 1634 1352 1673 ratio
1386 1635 1603 1686 proposito

239 1700 514 1754 subiungitur.
573 1701 678 1741 Nam
708 1702 885 1754 primum
916 1701 1007 1741 eius
1037 1699 1254 1740 schematis
1283 1712 1413 1754 genus
1443 1705 1604 1741 tantum

240 1782 310 1809 res
341 1769 491 1823 plures
526 1768 743 1824 dalee'ungit,
791 1775 835 1810 et
871 1774 1069 1823 quantum
1098 1768 1270 1817 delerent,
1307 1768 1447 1817 docet,
1485 1782 1605 1810 suam

241 1840 386 1891 cuique
418 1839 640 1892 propriam
686 1840 932 1879 sententiam
977 1836 1260 1890 sube‘ungendo
1270 1850 1287 1882 ;
1343 1837 1372 1876 i.
1412 1850 1449 1877 e.
1492 1850 1605 1878 suam

243 1907 392 1958 cuique
420 1908 483 1947 rei
514 1908 725 1961 propriam
763 1908 997 1955 notionem,
1037 1919 1159 1958 quam
1199 1906 1325 1945 hodie
1362 1906 1606 1958 plerumque

246 1973 431 2022 dicimus,
460 1976 733 2027 subiungens3
764 1975 824 2015 ita
841 1975 948 2014 enim
969 1974 1176 2021 sententia
1197 1973 1306 2025 apud
1327 1972 1456 2013 Rutu.
1470 1986 1606 2026 saepe,

246 2041 375 2081 velut.
415 2041 455 2089 l,
483 2041 558 2081 12:
597 2055 720 2093 quum
758 2042 926 2082 verbum
961 2043 1157 2081 iteratum
1197 2041 1327 2081 aliam
1362 2043 1608 2082 sententiam

247 2109 467 2162 significat.
497 2108 684 2149 Alterum
707 2110 829 2162 igitur
850 2121 977 2162 genus
1008 2110 1211 2147 rationem
1233 2110 1450 2161 proposito
1479 2109 1608 2149 addit.

247 2177 323 2217 llle
363 2189 462 2217 vero
500 2176 712 2223 librarius,
759 2177 830 2229 qui
869 2175 1116 2230 subiungere
1152 2177 1395 2216 sententiam
1442 2181 1610 2230 putaret

250 2258 344 2286 csse
372 2247 577 2291 rationem
606 2245 873 2299 subiungere,
914 2245 969 2284 ita
997 2245 1076 2284 hoc
1105 2258 1232 2298 genus
1261 2245 1311 2285 ab
1340 2245 1411 2285 illo
1440 2245 1611 2287 differre

250 2314 463 2364 credebat,
494 2317 541 2354 ut
570 2314 638 2354 hic
666 2316 775 2354 ratio
796 2315 1106 2367 postposita
1135 2316 1315 2354 statim
1344 2313 1610 2369 subiungere-

250 2385 338 2430 tur;
397 2385 519 2434 atque
556 2382 612 2421 ita
648 2383 910 2435 interpolavit
947 2383 1053 2422 male
1088 2383 1213 2422 verba
1241 2383 1478 2423 verissima:
1505 2395 1611 2422 cum

252 2451 361 2489 ratio
384 2452 604 2503 proposito
635 2450 906 2503 subiungitur.
965 2450 1103 2502 ltaque
1131 2454 1308 2503 propter
1335 2450 1410 2490 has
1440 2453 1486 2490 et
1514 2449 1612 2491 alias

252 2529 391 2557 causas
430 2518 602 2571 adpozui
640 2517 808 2570 quidem
838 2518 992 2558 Rutilio
1021 2531 1070 2559 ea
1097 2518 1242 2568 verba,
1281 2517 1427 2570 quihus
1464 2529 1539 2572 per
1568 2517 1613 2558 id

300 2672 338 2714 ²³)
387 2672 450 2706 Sic
474 2675 571 2708 enim
596 2674 749 2709 scribit:
774 2675 859 2709 Non
880 2675 964 2709 mihi
981 2686 1119 2721 pronas
1142 2680 1177 2709 tc
1196 2687 1263 2721 pro
1282 2680 1403 2711 astuto
1421 2673 1614 2719 sapientem

391 2719 552 2763 irstclegi,
572 2733 640 2765 pro
665 2722 863 2766 confidente
880 2724 1035 2765 sortem,
1069 2733 1137 2766 pro
1160 2723 1309 2757 inverati
1331 2722 1544 2767 deligentem
1564 2721 1617 2754 rei

385 2764 581 2806 familiaris
617 2770 687 2801 cte.
727 2767 813 2801 vel:
858 2768 1015 2811 praemio
1050 2767 1279 2812 corrigendos
1323 2778 1396 2800 csse
1434 2766 1616 2802 homones

395 2819 560 2853 nequam.
