1793 3207
860 180 928 243 '4

243 343 347 385 liber
373 346 415 382 et
442 343 625 393 exempla
652 342 873 394 supposita.
931 341 1195 382 Demochari-1:
1232 346 1478 392 Era-anastas,
1507 354 1574 383 er-

244 422 414 470 ravistis,
445 419 750 474 [Athenienses,
778 421 829 475 si]
853 421 1070 475 putavistis
1090 424 1281 473 praemio
1310 422 1576 479 corrigendos

242 512 330 541 esse
357 499 539 540 homines
565 512 754 553 nequam.
1619 555 1622 557 q

354 577 426 619 Vl.
462 578 862 619 METATHESIS.
920 578 1009 618 noc
1044 577 1210 617 schema
1247 577 1578 620 iucundissimum

194 658 221 703 5
242 658 305 710 fit,
332 671 424 701 eum
454 659 534 701 duo
562 658 685 700 verba
712 660 973 713 repetuntur,
1004 656 1077 698 sed
1105 658 1268 698 inverso
1296 656 1452 697 ordine.
1489 657 1578 698 Hu-

242 740 467 780 iuscemodi
496 743 558 780 est
586 739 840 779 notissimum
868 737 968 777 illud
988 738 1181 786 Platonis,
1211 738 1280 790 qui
1307 737 1579 789 interroganti

245 819 414 870 cuidam,
442 832 522 872 quo
551 823 671 871 pacto
699 818 817 859 beata
841 818 964 859 fieret
992 832 1116 871 resp„
1131 817 1391 871 respondisse
1411 817 1577 858 dicitur:

244 897 295 937 Sa·
318 902 393 938 aut
416 900 488 951 qui
516 900 684 952 sapiunt
716 900 942 952 imperare,
986 903 1061 938 aut
1087 900 1160 951 qui
1182 899 1404 951 imperant,
1431 909 1578 950 sapere

243 976 413 1017 discant.
471 977 575 1018 Item
612 977 922 1030 Theophrastus
960 978 1105 1018 dicitur
1142 978 1312 1025 dixisse,
1358 976 1579 1017 Prudentis

168 1055 223 1100 10
245 1067 332 1096 esse
362 1056 558 1111 officium,
589 1059 808 1098 amicitiam
832 1056 1050 1111 probatam
1078 1060 1291 1111 appetere,
1319 1068 1424 1104 non,
1453 1068 1579 1110 appe-

244 1138 361 1177 titam
390 1137 585 1191 probare.
653 1137 756 1177 Item
792 1137 1036 1178 Aristoteles
1072 1138 1224 1177 dicitur
1261 1136 1432 1176 dixisse:
1474 1135 1579 1176 Eius

246 1228 335 1255 esse
361 1218 485 1256 vitam
513 1216 807 1264 beatissimam,
844 1218 958 1256 cuius
986 1221 1026 1256 et
1044 1216 1250 1268 fortunae
1278 1217 1498 1269 sapientia,
1539 1219 1580 1256 et

242 1295 466 1346 sapientiae
484 1295 667 1346 fortuna
694 1295 932 1348 suppeditet.

353 1370 441 1412 Vn.
471 1371 718 1412 EPIBOLE.
776 1372 866 1413 Hoc
902 1372 1066 1412 schema
1104 1371 1323 1424 dupliciter
1359 1371 1451 1411 fieri
1480 1384 1577 1412 con-

165 1453 220 1497 15
243 1450 390 1499 suevit,
427 1463 520 1490 cum
557 1451 740 1503 pluribus
780 1455 821 1491 et
849 1451 1019 1491 diversis
1048 1451 1256 1491 sententiis
1284 1455 1355 1490 aut
1385 1464 1507 1490 unum
1537 1456 1579 1491 et

241 1529 352 1570 idem
379 1529 546 1570 verbum
573 1530 738 1584 singulis
767 1530 1042 1584 praeponitur,
1072 1534 1140 1572 aa}
1155 1530 1328 1570 varietas
1345 1530 1577 1581 verborum,

242 1622 345 1662 quae
374 1613 508 1650 tamen
535 1611 705 1651 eandem
733 1611 814 1650 vim
842 1612 949 1651 inter
978 1623 1022 1650 se
1050 1610 1240 1650 habeant.
1276 1610 1337 1650 Ab
1354 1623 1434 1651 uno
1454 1611 1579 1652 verbo

243 1686 409 1740 saepius‘
437 1702 540 1741 quae
577 1690 913 1742 proficiscuntur,
953 1694 1047 1729 sunt
1080 1688 1323 1728 huiusmodi.
1380 1689 1577 1743 Lycurgi:

241 1766 356 1807 Nam
385 1781 476 1808 cum
504 1770 689 1809 iuventus
727 1771 931 1810 concitata
969 1773 1120 1808 temere
1157 1782 1277 1808 arma
1312 1774 1501 1821 caperet,
1538 1775 1579 1810 et

166 1847 221 1890 20
243 1847 396 1900 quietos
433 1847 648 1887 Thessalos
685 1862 810 1888 manu
849 1849 1054 1888 lacessere
1092 1852 1336 1894 conaretur,
1373 1850 1465 1887 iure
1500 1862 1577 1901 ego

243 1930 429 1964 senatum
457 1929 576 1979 coegi
601 1929 848 1967 auctoritate
876 1940 954 1966 sua
975 1928 1242 1979 comprimere
1260 1926 1580 1966 adolescentium

245 2003 498 2049 violentiam;
528 2016 604 2055 ego
634 2005 913 2056 quaestoribus
940 2005 1223 2044 interminatus
1250 2016 1359 2051 sum,
1388 2017 1441 2043 ne
1469 2017 1578 2044 sum-

245 2085 332 2120 tum
359 2081 559 2133 stipendio
581 2082 854 2134 praeben-enm
892 2095 968 2135 ego
1009 2083 1329 2121 armamentario
1359 2083 1576 2135 patefacto

245 2162 385 2209 restiti,
416 2164 538 2213 atque
566 2161 712 2213 efferri
735 2174 854 2200 arma
875 2161 1077 2213 prohibui.
1130 2161 1274 2214 Itaque
1301 2163 1420 2201 unius
1450 2176 1579 2216 opera

166 2237 222 2281 25
243 2253 337 2279 mea
364 2253 448 2280 non
477 2241 722 2280 concitatum
753 2239 900 2280 bellum
928 2253 1010 2280 non
1028 2243 1303 2281 necessarium
1322 2243 1443 2282 scitis·
1472 2241 1577 2282 Item

330 2349 538 2385 necessario
564 2350 791 2394 supplentur.
837 2351 958 2395 Atque
989 2351 1060 2385 hoc
1094 2352 1137 2385 de
1170 2351 1339 2388 omnibus
1372 2351 1427 2386 eis
1451 2351 1577 2385 verbis

328 2405 468 2439 dictum
494 2405 565 2447 sit,
598 2418 691 2450 quae
719 2406 823 2440 uncis
855 2407 998 2442 inclusa
1030 2411 1135 2442 suntz
1184 2408 1225 2442 Si
1255 2408 1341 2442 aliis
1365 2407 1488 2442 literis
1513 2408 1578 2441 de-

328 2461 468 2505 scripta
492 2465 595 2503 sunt,
629 2473 736 2506 quam
760 2463 905 2508 reliqua
932 2468 989 2497 est
1012 2464 1151 2506 oratio,
1184 2468 1271 2499 sunt
1302 2474 1346 2498 ea
1378 2463 1515 2498 omissa
1538 2463 1579 2498 in

326 2513 465 2560 1ibris‚'
491 2518 554 2552 sed
587 2518 631 2552 ad
657 2518 875 2554 sententiam
905 2520 1122 2556 necessaria.
1171 2520 1237 2555 Sin
1271 2519 1417 2554 eandem
1446 2519 1577 2555 literas

327 2572 475 2617 habent,
503 2586 593 2619 quus
618 2579 738 2610 cetera
760 2577 887 2619 verba,
910 2580 996 2613 eunt
1020 2577 1167 2622 quidem
1190 2578 1229 2612 in
1244 2578 1359 2620 codd„
1383 2577 1448 2612 sed
1464 2575 1578 2611 omit-

330 2630 447 2672 tenda,
473 2631 558 2675 quia
582 2631 802 2667 sententiam
826 2634 988 2669 turbant.

241 2682 286 2718 25
331 2695 402 2717 non
424 2688 635 2721 concitatum
657 2688 712 2732 b.)
748 2688 938 2725 Sententia
955 2693 1033 2725 est:
1060 2689 1320 2725 Adulescentes
1338 2689 1481 2724 bellum
1504 2698 1577 2723 non

329 2741 576 2776 necessarium
599 2745 853 2794 concitnbant3
878 2745 977 2790 quod
998 2744 1039 2781 id
1060 2756 1134 2781 non
1156 2745 1383 2783 concitatum
1404 2747 1474 2786 eet,
1495 2755 1578 2780 mea

330 2806 442 2841 opera
463 2800 522 2831 est
544 2797 727 2834 effectum.
