1793 3207
317 625 1088 695 ANJMADVERSfflNES
1159 624 1567 676 CRITICAE..

629 860 781 897 EXPLI
786 860 940 896 CATlo
986 859 1255 896 NOTARUM.

379 953 427 993 0.
490 966 634 995 omnes
664 954 771 994 libri.

376 1021 423 1062 L.
484 1021 587 1062 God.
616 1021 724 1063 Bibl.
754 1020 1052 1063 Laurentianae
1080 1020 1231 1063 Medic.
1261 1019 1303 1061 in
1334 1019 1477 1061 charta
1505 1030 1610 1061 saec.

265 1089 376 1133 XIV.
407 1103 486 1132 scr.

379 1158 406 1197 l.
465 1157 596 1198 eiusd.
623 1157 719 1197 bibl.
749 1158 792 1197 in
821 1158 991 1198 membr.
1019 1169 1100 1198 sec.
1128 1155 1220 1198 XV.

377 1226 426 1265 F.
485 1225 779 1277 Fragmentum
801 1226 899 1265 bibl.
920 1224 1225 1272 Riccardianae,
1242 1237 1363 1265 manu
1378 1236 1460 1264 rec.
1473 1223 1612 1275 script.

266 1292 322 1330 IX
351 1290 389 1343 §.
421 1291 491 1330 lib.
521 1292 551 1329 I.
583 1292 774 1331 continet.
832 1291 1016 1330 Contulit
1044 1292 1172 1331 libros
1201 1292 1249 1331 A.
1280 1291 1341 1330 M.
1372 1290 1604 1330 Bandinius.

374 1358 425 1398 Ε.
483 1357 699 1398 Lectiones
729 1358 879 1398 codicis
909 1358 1141 1412 adscriptae
1170 1358 1223 1399 ad
1240 1371 1364 1412 marg.
1385 1357 1451 1399 ed.
1467 1357 1614 1408 Rhen„

265 1439 365 1480 quas
395 1427 599 1479 excerpsit
627 1427 725 1466 Abr.
756 1426 938 1466 Gronov.

376 1492 429 1535 V.
458 1494 537 1534 Ed.
567 1493 738 1545 Veneta,
768 1507 831 1535 an.
861 1494 984 1535 1519.
1013 1495 1054 1535 8.
1085 1506 1135 1535 ex
1160 1493 1251 1535 cod.
1281 1507 1306 1535 e
1323 1493 1455 1535 Gallia
1483 1495 1613 1535 traus-

264 1563 362 1604 lato.

372 1629 425 1670 R.
484 1629 563 1671 Ed.
592 1629 639 1670 B.
677 1629 884 1679 Rhenani,
925 1630 1048 1671 Basil.
1075 1628 1201 1671 Frob.
1232 1628 1355 1669 1524.
1390 1629 1432 1669 4.
1469 1642 1494 1669 e
1522 1628 1614 1670 cod.

264 1697 464 1752 Spirensi.

374 1766 425 1806 A.
483 1764 561 1805 Ed.
590 1764 754 1813 Aldina,
784 1763 933 1805 Venet.
966 1764 1090 1805 1523.
1118 1763 1210 1804 Fol.

320 1833 409 1872 Hae
438 1832 640 1872 editiones
670 1845 694 1872 e
733 1832 852 1872 codd.
884 1832 1045 1880 ductae,
1085 1835 1128 1872 et
1164 1831 1327 1872 codices
1355 1832 1435 1884 ipsi
1461 1831 1541 1871 vim
1569 1834 1614 1872 et

266 1901 549 1941 auctoritatem
576 1901 696 1940 unius
733 1901 887 1941 codicis
922 1901 1094 1949 habent3
1136 1913 1229 1940 nam
1266 1912 1407 1940 omues
1443 1913 1494 1939 ex
1530 1911 1613 1939 uno

268 1968 453 2019 exemplo
481 1968 696 2006 fluxerunt.

382 2034 425 2074 S.
482 2034 560 2073 Ed.
590 2034 693 2073 Rob.
723 2033 936 2087 Stephani,
965 2034 1097 2074 Paris.
1120 2033 1244 2074 1530.
1274 2033 1316 2073 4.
1345 2033 1613 2074 »Usiamico-

268 2115 363 2142 rum
392 2113 518 2154 opera
547 2100 744 2154 Rutilium
772 2101 831 2141 ita
859 2101 1156 2141 restituendum
1174 2101 1414 2149 curavimus,
1432 2105 1476 2141 ut
1493 2112 1613 2154 prae-

268 2176 336 2211 ter
365 2169 447 2209 duo
476 2169 565 2208 loca
592 2168 800 2221 integrum
829 2181 921 2209 eum
951 2168 1050 2209 dare
1079 2181 1152 2208 nos
1181 2168 1473 2210 confidamus«
1528 2169 1614 2210 Sed

269 2251 344 2278 eae
379 2236 550 2276 crebrae
586 2235 867 2275 correctiones
906 2248 988 2275 non
1022 2236 1158 2284 libris,
1198 2237 1273 2276 sed
1300 2238 1521 2277 amicorum
1549 2238 1613 2277 in-

266 2304 387 2358 genio
418 2302 632 2344 debentur.
690 2302 798 2343 Hinc
834 2307 971 2344 autem
1008 2303 1050 2344 in
1085 2303 1179 2345 edd.
1210 2317 1298 2357 sqq.
1328 2307 1515 2357 tanquam
1543 2316 1614 2345 co-

265 2373 423 2411 dicibus
452 2371 714 2410 confirmatae
741 2371 968 2420 fluxerunt3
1005 2384 1097 2411 cum
1133 2375 1269 2412 tamen
1297 2371 1348 2411 R.
1379 2372 1613 2424 Stephanus

263 2452 384 2480 unam
413 2438 604 2478 Rhenani
632 2438 852 2479 editionem
881 2442 975 2479 ante
1004 2440 1145 2480 oculos
1173 2439 1365 2488 haberet,
1400 2451 1520 2490 quam
1548 2438 1612 2479 in-

264 2507 433 2559 geniose
463 2518 572 2555 nane,
602 2506 676 2546 sed
704 2506 892 2547 licentius
921 2508 1112 2548 correxit.
1171 2506 1250 2547 Rk.

374 2573 462 2613 Hac
490 2578 601 2622 nota,
630 2573 709 2613 Rk.
731 2573 967 2615 Ruhnkenii
994 2586 1144 2615 nomen
1171 2573 1377 2627 intelligo;
1406 2585 1487 2613 non
1502 2572 1613 2625 quod

263 2639 351 2679 eius
387 2640 508 2679 verba
544 2643 633 2692 ipsa
668 2640 946 2691 exhibuerim,
986 2642 1061 2682 sed
1097 2645 1145 2681 ut
1182 2654 1285 2694 quae
1322 2641 1464 2692 copiae
1499 2639 1611 2680 iuius

258 2706 366 2755 sintr
399 2717 502 2758 quae
529 2719 553 2746 a
588 2719 656 2748 me
683 2708 889 2759 venerint,
929 2710 1065 2763 possit
1092 2708 1276 2749 iudicari.
1334 2705 1608 2755 Praecedenti

258 2777 392 2815 autem
429 2773 520 2814 eius
558 2774 708 2816 iudicio
743 2777 787 2817 id
824 2777 983 2819 addam.
1040 2778 1088 2819 ln
1122 2775 1400 2831 stephaniam
1439 2774 1608 2828 quidem
